2950 5000
272 333 346 421 664
547 338 587 405 c.
614 336 918 421 urrunnun.
947 334 1075 417 nrsr.

194 554 200 569 .
272 468 470 539 rubentibus
486 464 646 537 maculis:
664 492 706 537 ex
726 492 814 563 aqua
835 468 914 547 trita
930 488 1085 560 saporem
1108 464 1179 533 vini
1196 464 1291 549 facit,
1303 480 1337 535 et

239 602 254 637 2
273 574 424 645 ebrietati
439 575 590 643 resistere
612 589 758 668 putatur.
781 562 1002 657 Draconites,
1020 558 1336 655 sive‚dracontia⁵,·e

273 680 411 751 cerebro
430 679 468 748 fit
485 678 696 749 draconum:
717 680 778 750 sed
794 682 857 749 nisi
874 677 1063 747 viventibus
1082 675 1228 746 abscisso
1247 702 1336 745 nunr-

272 810 372 881 quam
387 788 596 878 gemmescit,
606 786 729 855 invidia
742 784 893 855 animalis
906 784 992 853 mori
1003 807 1038 851 se
1051 783 1338 877 sentientis-,Igitur

272 892 516 980 dormientibus
531 905 714 986 amputant.
731 876 884 963 Sotacus⁶
901 892 957 983 qui
974 890 1077 957 visam
1090 912 1164 957 earn
1181 913 1337 981 gemmata

272 998 335 1068 sibi
356 997 446 1092 apud
469 1021 582 1091 regern
602 998 752 1093 scripsit,
772 998 856 1092 bigis
875 994 954 1064 vehi
970 1008 1156 1089 quaerentes
1175 993 1294 1063 tradit:
1308 1008 1340 1061 et

271 1105 344 1173 riso
362 1102 508 1173 dracone
528 1128 684 1199 spargere
707 1102 879 1173 somnifica
899 1100 1159 1185 medicamenta,
1186 1112 1282 1194 atque
1298 1101 1339 1169 ita

271 1208 461 1305 praecidere.
483 1210 566 1279 Esse
585 1224 696 1279 autern
716 1208 878 1279 candore⁷
900 1205 1123 1295 translucido,
1148 1230 1212 1277 noc
1233 1220 1339 1299 postea

272 1314 391 1411 poliri,
409 1330 467 1383 aut
487 1330 593 1383 artem
609 1313 795 1385 admittere.
978 1390 981 1397 ,

241 1450 252 1484 ι
327 1422 453 1490 LVIII.
472 1420 637 1489 Encardia
651 1422 908 1514 cognominatur
925 1432 959 1489 et
973 1416 1116 1487 ariste¹t
1133 1419 1268 1506 una,in
1280 1440 1339 1509 qua

271 1528 368 1621 nigra
386 1526 513 1621 effigies
534 1526 643 1595 cordis
659 1529 804 1596 eminet:
827 1524 930 1594 alteru
946 1524 1065 1593 eodem
1084 1524 1235 1608 nomine,
1254 1522 1340 1590 virid

272 1631 400 1718 colore,
426 1632 536 1700 cordis
566 1635 710 1727 speciem
737 1644 953 1729 repraescntat
972 1656 980 1698 τ
1000 1632 1097 1698 tertia
1126 1654 1186 1699 cor
1215 1631 1339 1723 nigrum

272 1735 434 1823 ostendit,
448 1736 574 1832 reiiqua
591 1740 642 1807 sui
659 1754 753 1833 parte
767 1734 917 1808 candida.
933 1732 1117 1805 Enorchis²
1133 1734 1275 1805 candida
1286 1748 1340 1818 est,

271 1843 443 1937 divisaque
457 1844 650 1937 fragmentis
664 1846 797 1914 testium
818 1842 964 1938 effigiem
981 1855 1207 1937 repraesentat.
1228 1841 1342 1910 Erebe

270 2072 401 2133 quantur,
418 2060 453 2112 Et
472 2072 560 2113 tamen
574 2060 686 2114 ebrietas
702 2061 786 2133 ipsius
829 2060 948 2125 abscisso,
970 2070 1023 2112 etc.
1046 2059 1151 2113 Broter.
1176 2059 1278 2112 absciso.
1294 2061 1341 2115 En

270 2138 354 2193 odore
367 2139 491 2209 fugatur,
505 2136 554 2192 et'c.
566 2165 577 2186 ι
593 2140 686 2193 Hirro.
812 2174 816 2180 -
871 2142 899 2193 6.
915 2138 1034 2201 Sotacus,
1056 2138 1144 2191 solini
1164 2141 1343 2209 paraphrasis,

313 2218 339 2272 5.
350 2221 503 2281 Draconr'res,
513 2222 561 2270 sire
575 2215 710 2272 dracontia.
724 2219 787 2272 Phi·
830 2219 882 2271 loo.
897 2218 942 2271 cit.
960 2240 971 2262 ι
982 2220 1083 2272 Auctor
1096 2220 1207 2272 Sotacus
1218 2238 1341 2289 gemmata

269 2300 394 2352 Iostratus
407 2298 499 2351 scribit
513 2296 546 2349 'in
564 2296 641 2351 India
658 2288 786 2352 dracones
830 2298 900 2351 hanc
921 2296 1002 2351 etiam
1022 2298 1107 2349 visam
1123 2297 1175 2350 sibi
1192 2299 1301 2361 scribit,
1320 2311 1343 2353 st

271 2396 342 2441 esse,
352 2378 418 2431 alios
425 2378 566 2449 palustres,
577 2374 674 2438 tardos,
684 2380 784 2449 pigros,
829 2379 927 2448 quibus
938 2376 1124 2448 intercipiatur
1136 2376 1234 2441 modis,
1248 2376 1342 2431 edocet.

270 2458 326 2511 sine
339 2458 443 2511 cristis:
458 2458 523 2511 alios
541 2469 700 2522 montanos,
710 2476 786 2530 gran-
829 2455 1040 2510 Prostantissimi
1059 2454 1172 2510 andacia
1191 2458 1243 2510 riri
1257 2458 1343 2528 exple·

270 2535 376 2600 diores,
392 2537 523 2599 acriores,
537 2539 667 2590 cristatos.
689 2538 721 2591 In
734 2539 785 2590 ho·
830 2549 887 2590 rent
904 2537 1032 2608 anguium
1044 2537 1150 2600 fovens,
1165 2550 1194 2589 et
1204 2551 1339 2608 receptus:

269 2635 331 2670 rum
340 2617 426 2688 capite
434 2617 547 2686 reperiri
557 2635 688 2688 gemmam
698 2616 787 2688 speeie
831 2615 894 2668 inde
915 2616 1059 2686 praestoIati
1080 2615 1115 2668 ad
1128 2628 1235 2686 pastum
1250 2635 1341 2668 exeun·

271 2687 432 2767 aspectuque
445 2695 786 2766 floridam,etjucondanr,
832 2707 886 2759 tes,
900 2695 1123 2768 praetervectique
1136 2696 1245 2766 percitis
1267 2696 1342 2760 cursi-

271 2775 389 2844 poteutia
403 2775 568 2837 mirabilem,
583 2772 657 2848 qnod
679 2787 787 2828 testatur
831 2775 897 2838 bus,
914 2775 1046 2845 objiciunt
1067 2775 1187 2845 gramina
1205 2773 1341 2838 medicata,

270 2855 354 2926 Gygis
376 2854 479 2908 anulus.
506 2848 623 2926 uhodig.'
643 2853 690 2907 Iib.
705 2854 786 2922 xv1,
832 2865 961 2924 quantum
973 2853 1122 2925 potest,ad
1132 2853 1341 2907 incitandumro·

270 2951 328 3004 cap.
348 2951 393 2986 rr.
413 2935 482 2986 Dar.
505 2939 546 2974 -'-
560 2935 719 2998 Dracour'tes,
736 2945 786 2988 etc.
832 2951 943 3004 porem3
961 2932 996 2986 ita
1011 2951 1107 2986 somno
1121 2933 1266 3004 obsepitis,
1281 2951 1342 2986 eoa·

269 3013 302 3066 In
314 3025 417 3066 vetusto
426 3011 518 3066 codice
530 3013 635 3084 legitur,
646 3011 785 3067 dracontts:
832 3013 933 3084 pitibus
946 3023 1065 3066 exserant
1079 3011 1194 3082 Iapides,
1204 3025 1269 3066 eto·
1284 3013 1341 3064 Tra·

269 3091 412 3164 legendum
422 3093 574 3157 dracoutr'n's,
586 3093 602 3149 ἡ
613 3087 784 3162 δρακοντῖτις,
828 3090 869 3145 dit
883 3091 938 3144 haec
954 3091 1053 3164 pariter
1072 3090 1211 3154 Isidorus,
1232 3091 1281 3144 Ioc.
1300 3091 1339 3145 cit.

268 3184 295 3225 et
314 3168 459 3236 baruntio,
472 3173 489 3229 ἡ
502 3167 674 3241 dpam'rrrroc,
686 3173 784 3224 subau·
827 3169 921 3224 Hiran.

268 3247 414 3314 diendom,
432 3269 544 3322 gemma.
559 3251 645 3303 Sicu.
662 3282 701 3292 -
714 3251 784 3302 Dra·
869 3270 895 3321 7.
912 3249 960 3301 Est
978 3259 1056 3301 autera
1075 3250 1190 3303 rudore.
1212 3247 1336 3312 Isidorus,

267 3333 376 3384 coaetus.
386 3331 432 3383 Sic
443 3329 576 3392 Isidorus,
588 3329 663 3400 Orig.
675 3329 694 3382 I.
705 3329 789 3394 XVI,
827 3329 878 3384 Ioc.
897 3329 943 3381 cit.
961 3329 1056 3381 Hsun.

266 3427 324 3480 cap.
342 3409 531 3474 133Albertus
547 3406 588 3462 M.
604 3407 637 3460 de
657 3408 779 3462 MineraI.
866 3409 968 3460 LVIII.
983 3425 1007 3459 r.
1024 3408 1183 3461 Encardio..
1200 3447 1207 3460 .
1226 3421 1251 3460 et
1261 3412 1335 3460 ariste.

266 3488 314 3542 Iih.
328 3489 372 3555 11,
387 3500 462 3542 tract.
479 3509 512 3553 a,
526 3506 553 3557 p.
572 3489 636 3541 230.
655 3487 779 3554 Solinus,
823 3487 867 3540 ste
877 3489 941 3556 Reg.
961 3507 987 3546 a,
998 3485 1076 3540 Colb.
1093 3485 1123 3552 3,
1136 3487 1251 3559 aliique,
1261 3490 1337 3541 etIn·

265 3585 325 3640 cap.
334 3587 395 3633 xxx,
406 3588 433 3639 p.
446 3570 482 3621 56
493 3584 500 3619 :
510 3565 670 3620 «Exciditur
682 3585 697 3619 e
708 3585 780 3620 cere·
822 3565 888 3620 dex:
901 3584 972 3630 non,
984 3578 1014 3618 ut
1027 3564 1093 3618 editi
1106 3567 1183 3630 libri,
1196 3580 1220 3618 et
1230 3569 1335 3620 eordisoe.

264 3645 321 3700 bris
330 3645 631 3700 draconumdrucontias
641 3644 779 3718 Iapiszsed
822 3635 953 3717 Iirznpdic
967 3661 1065 3697 nornen
1082 3645 1165 3698 habet
1184 3665 1200 3698 a
1223 3647 1335 3700 similitu·

222 3764 226 3772 .
263 3726 331 3797 Iapis
340 3746 395 3780 non
406 3726 515 3791 est,nisi
525 3724 680 3779 detrahatur
690 3725 780 3778 riven-
823 3724 886 3778 dine
896 3723 994 3779 cordis.
1008 3723 1164 3779 Turohesiae
1173 3745 1257 3796 ,genus
1270 3724 1334 3779 ride·

264 3803 430 3858 tibusrnam
441 3807 462 3858 si
476 3806 556 3858 obeat
568 3805 643 3876 prius
656 3823 777 3877 serpens,
822 3817 944 3858 turesse.
964 3804 1056 3858 IIrao.
1164 3795 1169 3809 ⁸
1256 3868 1260 3876 Ι

263 3901 327 3938 cum
348 3885 435 3938 anima
453 3885 531 3938 simol
545 3883 692 3946 evanescit,
703 3883 779 3937 duri·
864 3904 890 3937 2.
901 3884 1029 3938 Errorcla's.
1044 3871 1162 3954 Ενορχις,
1184 3905 1200 3938 a
1219 3885 1334 3948 testium,

263 3962 300 4016 tie
309 3964 403 4019 solute.
415 3991 427 4013 ι
441 3963 631 4036 nnn—rtur
642 3964 776 4020 viventibus
820 3971 869 4018 τῶν
879 3965 981 4036 Iopen,-
991 3962 1088 4034 figura.
1102 3963 1198 4017 IIno.
1255 4011 1258 4020 .
