2950 5000
230 400 239 413 ’
339 440 413 511 sas
513 494 523 519 ,
606 430 981 508 ceramium.
1010 440 1141 509 ursa.

337 572 469 643 mollior
489 572 578 640 enirn
598 573 755 655 materia,
775 586 809 639 et
827 570 972 667 fragilis:
991 586 1024 641 et
1045 552 1193 641 centrosas
1212 556 1318 641 scobe³
1333 570 1377 640 de·

336 676 602 773 prehenduntur‚
621 692 655 745 et
681 676 849 772 pondere,
870 677 961 771 quod
983 679 1092 747 minus
1116 692 1165 747 est
1181 679 1304 747 vitreis:
1328 676 1374 744 ali

336 784 471 879 quando
492 798 526 853 et
545 782 694 878 pustulis.
704 784 833 879 argenti
855 782 956 851 modo
978 782 1207 853 relucentibus.

245 958 252 975 ,
304 916 316 949 1
390 892 534 957 xxvfl.
554 892 615 957 Est
630 903 663 959 et
678 886 890 958 anthracitis¹
909 888 1073 983 appellata
1088 890 1122 957 in
1138 890 1320 983 Thesprotia
1333 886 1380 955 los·

336 994 428 1083 silis¹,
438 994 638 1063 carbonibus
647 994 770 1063 similis.
782 993 913 1063 Falsum
924 996 1081 1082 arbitror,
1090 996 1177 1089 quod
1186 1009 1216 1063 et
1230 996 1261 1062 in
1269 996 1380 1089 Liguria

336 1103 427 1170 nasci
446 1100 670 1184 tradiderunt,
694 1102 757 1169 nisi
780 1101 865 1169 forte
886 1113 966 1169 tunc
991 1086 1236 1170 nascebantur-³.
1266 1103 1335 1168 Esse
1354 1100 1380 1165 in

335 1194 393 1274 iis⁴
410 1222 444 1275 et
459 1209 645 1301 praecinctae
667 1205 809 1275 candida
829 1220 914 1274 rena
932 1204 1137 1275 traduntur:
1157 1208 1268 1274 harum
1287 1207 1381 1299 igneus

264 1408 267 1414 Ι
334 1312 440 1399 color,
454 1326 493 1381 ut
510 1314 741 1441 superiorum,
761 1327 831 1381 est:
851 1311 1018 1406 peculiare
1032 1312 1183 1406 quidem,
1201 1310 1284 1405 quod
1297 1311 1380 1402 jacta·

334 1433 376 1486 tac
390 1419 548 1511 inignem
571 1419 664 1487 velut
676 1420 904 1487 intermortuae
918 1420 1184 1513 exstinguuntur,
1192 1432 1297 1487 contra
1307 1416 1381 1510 aquis

334 1523 476 1619 perfusas
494 1523 726 1592 exardescunt.

291 1651 313 1692 '1
386 1632 551 1697 XXVIII.
575 1632 727 1725 Cognata
752 1643 802 1698 est
829 1630 907 1698 huic
936 1629 1154 1717 sandaresus,
1182 1650 1278 1723 quana·
1298 1626 1378 1719 aliqui

335 1737 591 1805 Garamantitcn
616 1749 762 1804 vocant:
787 1736 934 1804 nascitur
952 1736 987 1803 in
1009 1735 1106 1804 India
1120 1734 1143 1822 ¹,
1161 1734 1234 1804 loco
1256 1732 1378 1827 ejusdcm

334 1841 489 1910 nominis.
506 1840 663 1935 Gignitur
679 1855 713 1909 et
733 1842 768 1907 in
784 1840 905 1909 Arabia
930 1840 973 1908 ad
994 1840 1167 1909 meridiem
1186 1864 1284 1910 versa.
1304 1842 1382 1908 Coro·

335 1947 504 2015 mendatio
528 1970 659 2015 summa
667 1944 690 2030 ²,
714 1945 804 2039 quod
829 1945 921 2015 velut
946 1948 978 2014 in
1003 1944 1209 2015 translucido
1239 1946 1313 2041 ignis
1336 1943 1380 2011 ob·

376 2105 401 2158 3.
412 2106 450 2157 Et
460 2116 536 2156 contr.
543 2104 621 2160 scobe.
629 2103 717 2157 Scobe
729 2103 851 2155 exsilien-
895 2102 1008 2157 totidem
1025 2104 1114 2157 verbis
1132 2104 1197 2159 laid.
1212 2104 1283 2175 Orig.
1293 2104 1308 2155 l.
1317 2102 1381 2164 xvl,

334 2198 376 2250 tc,
398 2183 523 2256 quoniam
537 2184 565 2235 in
581 2183 694 2253 gemmis
708 2183 762 2235 illis
775 2181 850 2234 adul·
895 2200 955 2253 cap.
973 2184 998 2236 3.
1012 2184 1103 2236 Iliso.

333 2264 428 2316 terinis
444 2275 569 2315 centrum
590 2261 755 2327 intervenit,
777 2259 850 2333 quod
937 2260 964 2314 5.
983 2262 1059 2331 Quod
1070 2266 1177 2333 jactatae
1191 2266 1216 2315 in
1230 2268 1307 2333 ἐξω.
1321 2258 1380 2312 Iden

333 2360 390 2395 esse
409 2341 535 2393 duritiem
558 2340 701 2412 quamdam
722 2360 753 2393 ac
766 2340 850 2393 veluti
896 2338 930 2393 de
938 2340 1054 2393 Thracio
1065 2342 1155 2413 lapide
1167 2344 1259 2395 recitat
1273 2338 1381 2394 Dioscori-

333 2422 430 2474 callum
442 2420 591 2485 nodumve,
603 2419 800 2472 alibidiximus.
814 2420 848 2471 ll.
895 2418 955 2484 des,
969 2438 1048 2491 quem
1066 2436 1188 2474 nostrum
1202 2423 1328 2475 carbonem
1342 2418 1381 2469 Ios·

374 2501 493 2554 XXVII.
510 2519 536 2553 r.
548 2503 596 2553 Est
609 2513 633 2552 et
642 2501 792 2553 anthracitis.
806 2490 851 2552 Ᾰν-
893 2500 970 2552 silem
982 2518 1052 2566 esse,
1064 2519 1114 2572 pro
1126 2499 1274 2556 indubitato
1284 2501 1379 2552 liabetur.

333 2581 449 2651 Ιρακῖτις,
462 2579 536 2651 qood
545 2579 848 2632 carbonumardentium
893 2581 998 2632 Danao.

334 2659 450 2728 speciem
462 2659 569 2712 referat.
588 2660 622 2710 II.
637 2691 675 2700 -
688 2660 847 2711 Antbracitis.
934 2659 1065 2711 XXVIII.
1093 2677 1116 2712 r.
1144 2661 1258 2712 Nascitur
1280 2656 1379 2712 inludia.

334 2738 499 2792 Anthracitis
514 2739 634 2791 Broterio
652 2737 761 2790 videtur
778 2757 850 2802 esse,
893 2735 1024 2800 Isidorus,
1038 2737 1115 2809 Orig.
1130 2739 1178 2791 lib.
1193 2739 1327 2809 xv1‚np.
1340 2735 1378 2788 13:

334 2821 357 2870 le
376 2818 441 2871 nabis
461 2819 576 2888 spinella;
595 2817 767 2888 Dalceampio
785 2835 849 2869 vero
897 2841 909 2863 a
923 2816 1082 2869 sandaresus
1100 2813 1150 2886 (sic
1162 2821 1233 2872 enim
1244 2819 1290 2889 legi
1299 2831 1380 2868 neccsse

334 2899 416 2951 carbo
429 2896 541 2961 fossilis,
558 2898 583 2948 la
594 2898 695 2960 bouilla,
709 2897 732 2947 la
746 2897 850 2948 clarbon
893 2908 946 2961 est,
963 2907 1019 2948 tum
1036 2915 1066 2948 ex
1081 2896 1134 2950 boc
1145 2899 1217 2956 looo,
1230 2911 1282 2950 tum
1292 2915 1316 2949 er
1324 2893 1378 2945 indi·

334 2979 365 3030 de
386 2991 460 3041 terre,
481 2975 515 3028 de
538 2995 592 3048 quo
612 2993 691 3046 supra
713 2975 847 3040 diximus,
893 2993 946 3037 ce,
971 2994 1025 3026 non
1057 2975 1214 3040 sandastros)
1240 2973 1377 3028 nasciturin

333 3058 380 3111 lib.
394 3055 597 3125 xxxvl,cap.
613 3053 659 3107 38.
673 3055 729 3108 Nos
746 3054 780 3108 de
794 3073 849 3107 car·
893 3053 987 3119 India,
1002 3053 1062 3106 loco
1074 3053 1195 3125 ejusdem
1207 3056 1320 3107 nominis.
1332 3079 1340 3098 ι
1351 3051 1377 3101 ll

334 3135 458 3191 bunculis
471 3135 542 3188 reris
555 3153 610 3187 non
622 3137 678 3206 jam
690 3134 735 3186 hic
751 3153 851 3187 sermo·
894 3165 935 3175 --
945 3131 1103 3186 Sondaresus.
1125 3135 1204 3188 Nunc
1219 3155 1270 3187 non
1287 3131 1379 3186 nossa'tnr

334 3235 397 3268 nem
412 3233 468 3268 esse
482 3212 624 3266 credimus·
638 3215 690 3266 Eo.
894 3211 939 3263 ille
952 3214 1138 3266 carbunculus.
1154 3216 1236 3266 Bnor.
1253 3243 1289 3254 -
1300 3213 1345 3264 Nes
1351 3207 1377 3259 de

377 3315 405 3348 a.
419 3291 529 3344 Fossilis.
544 3293 670 3345 Fortassis
684 3311 764 3364 quem
779 3293 849 3346 nasci
895 3292 1057 3344 carbunculo
1073 3293 1149 3363 loqui
1165 3293 1276 3345 Plinium
1291 3291 1376 3343 arbitra·

335 3371 369 3426 ad
389 3373 467 3425 Binas
486 3371 577 3425 scribit
587 3373 785 3443 Theophrastus
801 3373 847 3425 lib.
894 3389 969 3434 mur,
997 3389 1149 3442 quanquam
1176 3362 1375 3425 sandaresnmnl

335 3450 370 3505 dc
386 3450 511 3522 Lapidib.
531 3452 696 3503 Anthracitiu
711 3451 848 3504 banchae·
892 3461 990 3503 certum
1002 3469 1113 3521 gemmae
1123 3451 1236 3522 speciem
1248 3451 1334 3503 referre
1342 3463 1375 3497 oe·

335 3532 434 3585 matitia
447 3549 530 3600 genus
543 3530 605 3582 lacit
619 3530 750 3601 Agricola.
767 3533 835 3583 Dan.
893 3531 1010 3600 quimus.
1023 3531 1077 3582 En.

378 3612 403 3664 3.
433 3611 502 3662 Tunc
526 3611 691 3674 nascebantur.
709 3609 847 3680 Theophr.
935 3631 960 3662 a.
977 3609 1158 3661 Commendatio
1169 3605 1337 3678 sainna‚qaod
1345 3606 1380 3652 w'

228 3693 233 3701 ’
335 3687 512 3760 prodidit'lib.
523 3690 578 3760 περὶ
591 3691 661 3741 λίθων
671 3727 679 3750 ,
690 3689 794 3760 hocque
803 3707 848 3760 ge·
892 3689 929 3739 lut
937 3693 961 3740 in
976 3689 1123 3740 translucido
1132 3691 1251 3740 stellantes
1264 3691 1328 3748 intus,
1338 3695 1374 3734 ett-

333 3787 385 3821 nus
394 3769 466 3837 ligno
473 3769 545 3839 putri
552 3768 636 3820 simile
645 3766 781 3838 adspectu,
789 3769 848 3820 oleo
892 3763 939 3829 (sic
957 3759 1053 3838 prius).
1066 3769 1185 3838 Lagend.
1205 3794 1216 3815 ι
1230 3763 1374 3829 Summacjas

261 3881 264 3886 ι
334 3847 471 3917 perfusum
483 3845 644 3911 accendi‚er
656 3865 739 3918 quum
752 3846 849 3900 exstin-
892 3846 1374 3918 commendario‚qu0dvetutinrnus

334 3937 406 3979 mum
420 3926 500 3979 fuerit
513 3927 565 3978 tale
579 3926 664 3978 videri
678 3927 756 3998 quale
773 3940 848 3980 antea
892 3923 982 3978 lucido
1004 3927 1072 3996 ignis
1093 3927 1164 3979 intus
1187 3927 1335 3993 celantesque
1352 3933 1372 3966 ⁸⁶

334 4003 427 4058 Inerat.
440 4007 506 4058 Das.
557 4043 559 4045 -
890 4005 1170 4075 translulgent·aurese
1183 4017 1275 4076 gutta,
1292 4013 1373 4068 semper

374 4092 399 4148 4.
417 4085 476 4136 Esse
488 4087 513 4135 in
527 4085 569 4148 iis,
581 4096 630 4137 etc.
644 4085 706 4138 Hoc
719 4083 845 4156 deinceps
890 4085 918 4137 in
942 4101 1056 4155 corpore
1081 4103 1217 4156 uunquam
1244 4085 1269 4136 in
1290 4090 1368 4134 cate·
