2950 5000
293 471 339 542 att
562 477 601 543 C.
628 475 793 545 PLlNll
818 475 925 543 unt.
944 475 1082 555 ,ttts'n

292 605 397 674 vitute
418 604 544 674 liberati
566 605 751 676 transiliant
770 633 778 676 ε
799 608 997 703 quodantea
1017 631 1196 700 numquam
1216 620 1290 676 erat
1311 609 1365 676 la>

293 726 399 794 ctum,
419 715 574 805 quoniam
592 715 626 781 in
645 713 752 782 ferreo
771 713 871 783 anulo
889 716 1015 806 equites
1030 713 1221 806 judicesque
1236 713 1361 782 iuretu-

294 819 457 913 gebantur
481 844 487 884 :
515 818 663 913 adeoque
688 823 913 913 promiscuum
936 821 967 887 id
988 845 1058 888 esse
1080 823 1196 912 coepit,
1216 834 1253 887 ut
1270 821 1363 914 apud

295 923 472 992 Claudiurn
491 927 671 1010 Caesarem,
692 928 726 994 in
750 951 888 996 censura
904 914 1022 1018 ejus¹⁴,
1040 949 1125 994 unus
1140 951 1181 994 ex
1195 925 1365 1017 equitibus

293 1028 425 1100 Flavius
442 1029 616 1116 Proculus,
630 1031 889 1127 quadringentos
904 1058 945 1101 ex
961 1057 999 1100 eu
1013 1055 1113 1101 causa
1126 1057 1201 1127 reos
1210 1018 1233 1055 ¹⁵
1246 1046 1364 1126 postu·

295 1134 386 1204 laret.
407 1140 458 1204 lta
473 1136 552 1204 dum
572 1151 745 1232 separatur
760 1139 844 1207 ordo
860 1140 903 1207 ab
918 1140 1070 1235 ingenuis
1079 1125 1113 1217 ¹⁶,
1132 1139 1366 1206 communica-

296 1255 348 1310 tus
363 1256 413 1310 est
430 1267 505 1312 curn
521 1245 670 1312 servitiis.

260 1363 275 1414 3
346 1348 500 1417 Judicunr
523 1365 632 1418 autem
660 1350 882 1446 appellatione
913 1353 1057 1445 separari
1086 1375 1162 1419 eum
1188 1349 1365 1434 ordinem,

294 1455 391 1547 primi
411 1457 561 1524 omnium
584 1457 755 1527 instituere
770 1456 960 1542 Gracclri¹⁷,
976 1457 1120 1526 discordi
1139 1456 1368 1551 popularitate

293 1559 327 1626 in
356 1559 588 1631 contumeliam
620 1578 786 1632 senatus:
814 1589 891 1634 mox
920 1587 958 1631 ea
986 1561 1163 1648 debellata,
1182 1564 1367 1631 auctoritas

293 1669 435 1735 nominis
444 1669 536 1735 vario
545 1668 742 1738 seditionum
753 1681 873 1738 euentu
886 1671 972 1767 circa
989 1667 1182 1762 publicanos
1197 1668 1365 1738 substitit:

294 1771 531 1867 etaliquarndiu
543 1763 775 1845 tertiaevires¹⁸
794 1774 959 1870 publicani
977 1773 1079 1842 suere.
1095 1777 1231 1844 Marcus
1242 1777 1370 1844 Cicero

293 1877 427 1947 demunt
449 1880 606 1949 stabilivit
631 1896 784 1976 equestre
802 1907 922 1950 nomen
950 1884 983 1947 in
1008 1879 1181 1949 consulatu
1199 1906 1281 1968 suo,
1299 1883 1368 1949 Ca·
1430 1949 1436 1962 ,

227 1981 233 1996 '
293 1983 438 2054 tilinanis
451 1987 549 2056 rebus
562 1985 596 2070 ¹⁹,
607 2013 645 2055 ex
659 2013 699 2056 eo
715 2013 750 2056 se
764 1987 879 2056 ordine
896 1986 1084 2082 profectum
1094 2012 1164 2055 esse
1174 1986 1369 2070 celebrans,

293 2091 428 2185 ejusque
450 2095 533 2161 vires
550 2091 706 2186 peculiari
718 2093 939 2189 popularitate
959 2118 1118 2185 quaerens.
1141 2093 1190 2161 Ab
1205 2092 1262 2161 illo
1279 2108 1368 2162 tem-

293 2289 371 2341 simul
382 2307 442 2342 cum
454 2289 568 2360 equestri
579 2287 717 2360 dignitate.
729 2293 807 2344 Tuci·
850 2308 899 2361 per
910 2307 994 2341 armos
1004 2286 1096 2341 decem
1107 2290 1231 2358 turpiter,
1246 2301 1298 2342 etc.
1306 2314 1317 2335 ·
1330 2289 1369 2342 Η.

293 2381 345 2433 tus,
355 2367 531 2422 Historiarum
542 2369 611 2422 libro
618 2371 721 2440 primo:
732 2371 805 2423 -Nec
849 2370 976 2420 -Primi
991 2371 1095 2422 omnium
1109 2372 1234 2420 instituere
1245 2368 1367 2423 Gmccln'.

295 2451 384 2501 minor
396 2448 479 2519 grstia
493 2448 566 2501 iulio
585 2439 676 2503 Galba
695 2450 804 2515 liberto,
849 2451 931 2520 Regg.
961 2446 1041 2501 codd.
1071 2460 1230 2520 veteresque
1259 2450 1371 2503 nummi

293 2546 373 2598 quem
390 2528 475 2581 anulis
486 2528 615 2583 donatum
633 2531 806 2601 equestrino-
848 2548 902 2582 non
922 2528 1049 2591 Gracchi,
1076 2528 1121 2581 sed
1146 2528 1239 2582 Graeci
1267 2530 1371 2599 prete.

293 2608 364 2661 mine
373 2608 533 2661 Mattianum
544 2609 805 2663 vocitabant-Idem
848 2622 922 2662 runt.
936 2609 987 2659 Eu.

293 2684 467 2739 Historiarum
497 2686 629 2753 secundo,
656 2688 806 2742 Asiaticum
893 2691 938 2743 rs.
956 2690 1133 2740 Tertiem'res.
1147 2688 1256 2741 Tertius
1272 2688 1369 2751 locus,

295 2764 543 2832 Vitelliilibertum,
555 2766 728 2821 aitdonatum
739 2788 803 2821 anu·
849 2767 928 2820 tertia
948 2766 1071 2836 dignitas.
1096 2767 1157 2820 Fuit
1174 2786 1259 2839 ῳιιιιιι
1274 2769 1370 2838 legen-

292 2844 335 2906 lis,
354 2845 427 2917 quod
441 2859 516 2899 antea
529 2845 639 2911 dixerat,
648 2852 752 2919 equestri
764 2848 806 2900 di·
849 2846 915 2901 dum
929 2847 1085 2916 suspicarer,
1097 2849 1174 2899 tertie
1183 2852 1257 2901 uices.
1272 2846 1369 2901 Haeo.

291 2930 394 2994 gnitate.
412 2926 503 2999 lirun.
892 2944 935 2993 ¹9·
954 2928 990 2977 Ei
1002 2939 1111 2978 senorum
1126 2927 1266 2979 concilians.
1279 2928 1371 2980 Vetus

337 3012 381 3069 14.
399 3006 428 3057 In
448 3024 547 3057 censure
562 3008 722 3076 ejus.Qusm
742 3026 804 3060 cnm
848 3005 983 3074 exemplar
1002 3006 1081 3075 longe
1107 3006 1202 3059 aliter:
1227 3007 1371 3058 consitionis

293 3084 324 3137 L.
341 3084 449 3137 Vitellio
466 3087 558 3155 gessit,
579 3087 745 3157 principatus
764 3086 804 3138 sui
848 3085 943 3136 rebus:
969 3098 998 3137 ut
1023 3086 1093 3138 l'orte
1116 3084 1288 3138 scribendum
1316 3086 1368 3147 sit,

293 3166 804 3234 snnooctsvo,lustrumquelccitnxxrv.
850 3164 1371 3218 caristiannntns.P1n1.-cauumts

337 3244 381 3298 15.
395 3244 552 3297 Eneacausn
561 3263 620 3296 reos.
629 3244 711 3311 Quod
720 3264 803 3316 quum
849 3244 927 3296 rebus.
940 3245 1057 3315 vestigia
1069 3244 1169 3297 codicis
1184 3246 1371 3315 probatissimi

293 3323 482 3383 serviesunt,
508 3338 552 3377 aut
573 3324 678 3389 liberti,
702 3325 805 3394 insigne
840 3312 1369 3395 ⁸lice.a,integralidesecutilorobuic

293 3404 412 3474 equitum
423 3414 561 3472 gestarent.
578 3402 668 3455 Hsnn.
751 3419 756 3446 ι’
847 3402 1012 3455 curationem
1034 3402 1222 3457 ndbibuimui:
1249 3421 1312 3456 nam
1336 3405 1369 3455 iu

337 3487 380 3535 rti.
397 3483 438 3535 Ab
447 3485 600 3551 ingenried
615 3496 706 3535 senatu
718 3497 745 3536 et
754 3502 804 3553 po·
847 3501 880 3534 eo
894 3480 1010 3535 vidimus
1023 3482 1096 3552 quod
1110 3496 1135 3534 et
1151 3487 1179 3535 in
1195 3501 1245 3535 suo
1259 3483 1366 3536 Pintia·

293 3563 358 3631 pulo
369 3578 488 3613 romano.
503 3561 592 3615 Hann.
623 3608 627 3618 ,
849 3580 901 3614 nus
914 3559 998 3624 vidit,
1014 3562 1160 3615 contemnis
1173 3562 1250 3614 rebus.
1261 3562 1369 3615 Plinius

338 3660 380 3711 ¹7·
392 3640 506 3694 Gracchi.
516 3642 645 3693 Asconius
657 3638 803 3703 Pedianus,
847 3642 914 3713 ipse,
927 3640 975 3693 lib.
990 3642 1035 3703 ll,
1047 3660 1106 3712 cup.
1120 3643 1154 3695 52
1165 3681 1172 3705 ,
1184 3661 1214 3713 p.
1232 3660 1297 3704 too,
1315 3669 1326 3688 ·
1337 3643 1369 3695 in

294 3720 320 3771 in
339 3722 430 3773 Diria.
450 3739 476 3789 p.
495 3726 529 3788 47
546 3738 552 3770 :
571 3720 638 3773 uTi.
651 3721 800 3776 Gracchus,
847 3722 1004 3773 Catilinianis
1030 3721 1184 3792 prodigiis·
1211 3719 1287 3773 dixit.
1313 3721 1371 3773 Hio

293 3800 397 3871 inquit,
417 3800 498 3869 legem
522 3802 631 3863 tulerat,
651 3814 682 3852 ut
700 3801 803 3871 equites
848 3818 910 3852 vero
934 3800 999 3852 editi
1025 3800 1058 3853 ad
1081 3802 1153 3853 lmnc
1176 3799 1250 3852 diem
1283 3801 1368 3855 libri.

292 3879 395 3931 romani
421 3879 589 3948 judicarent:
616 3878 804 3950 judicaverunt
851 3906 863 3926 ι
878 3892 996 3933 senatum
1013 3881 1037 3931 ei
1052 3880 1214 3943 conciliaus,
1229 3906 1240 3924 ·
1258 3898 1368 3950 expun-

294 3976 341 4027 per
362 3977 443 4012 annos
462 3959 509 4011 XX
530 3959 586 4011 sine
607 3959 722 4011 infamia.
743 3960 804 4011 Post
848 3971 888 4011 cta
905 3976 970 4010 voce
990 3959 1074 4026 ndns,
1094 3958 1196 4028 adjecta
1212 3960 1296 4012 altera
1316 3959 1368 4011 de·

293 4038 378 4091 uictor
389 4037 459 4108 Sylla
473 4038 542 4108 leges
557 4038 669 4099 tulerat,
686 4050 715 4091 ut
729 4057 804 4091 sena·
847 4037 911 4091 iude
921 4050 1045 4098 senonim,-
1056 4039 1166 4110 reliquis
1177 4038 1294 4090 omnino
1307 4058 1371 4091 cor·

292 4116 376 4169 torius
391 4116 457 4169 ordo
472 4114 619 4189 judicaret,
636 4132 660 4171 et
675 4117 804 4188 judicarit
848 4119 943 4189 ruptis.
956 4119 1047 4175 lisso,
