2950 5000
425 469 579 540 nrnun
601 471 780 548 xxxiv.
1067 493 1131 576 ,οι

84 585 202 671 Ῑῃᾶὴ“’
215 622 324 694 noque
339 623 396 688 ms,
412 623 520 695 neque
533 598 708 696 plumbum
723 606 835 693 habet,
851 615 1056 714 gemmisque
1069 625 1137 694 suis

83 729 117 776 ae
131 707 315 802 margaritis
328 706 402 776 brec
416 721 598 802 permutat.

125 815 242 883 XLIX.
260 810 389 907 Nigro¹-
406 811 545 909 plumbo
566 813 611 884 ad
630 814 757 890 fistulas
778 818 982 922 laminasque
999 831 1135 924 utimur,
1155 905 1168 942 ι

82 913 261 988 laboriosius
278 919 315 987 in
331 920 493 1014 Hispania
509 933 626 1005 eruto,
647 935 799 1020 totasque
819 954 881 1024 per
902 932 1052 1007 Gallias:
1076 941 1135 1011 sed

81 1021 110 1091 in
126 1025 291 1093 Britannia
311 1034 445 1094 su'mmo
461 1039 559 1096 terrae
575 1027 668 1097 corio
682 1031 768 1102 adeo
785 1032 899 1131 large,
913 1053 952 1108 ut
971 1039 1025 1112 lex
1044 1042 1134 1118 ultro

80 1126 205 1215 ditatur,
221 1155 264 1199 ne
276 1129 350 1226 plus
359 1145 455 1201 certo
465 1131 567 1202 modo
580 1131 650 1203 liat.
667 1137 763 1231 Nigri
781 1143 957 1235 generibus
974 1146 1046 1218 haee
1056 1167 1135 1224 sunt

78 1237 220 1304 nomina:
239 1234 462 1324 oretanum',
483 1239 718 1333 Caprariense,
736 1244 958 1321 Oleastrense.
981 1254 1054 1326 Nee
1073 1257 1135 1329 dil·

79 1337 201 1410 ferentis
218 1340 286 1410 ulla
303 1344 440 1428 seorim,
455 1343 556 1414 inodo
570 1346 614 1414 sit
627 1363 765 1420 excocta
785 1351 967 1450 diligenter.
987 1361 1134 1434 Mirum·
1232 1433 1233 1436 ,

76 1469 132 1538 que
146 1447 179 1515 in
198 1446 252 1516 bis
273 1446 351 1517 solis
369 1447 526 1536 metallis,
548 1450 639 1545 quod
661 1452 818 1526 derelicta
840 1459 980 1533 fertilius
1005 1469 1133 1539 revive-

77 1566 171 1622 scunt.
184 1555 259 1623 Hoc
271 1553 405 1624 videtur
417 1554 527 1624 faeere
538 1555 656 1626 laxatis
669 1561 878 1654 spiramentis
890 1567 933 1638 ad
948 1571 1131 1646 satietatem

75 1655 189 1728 inlusus
204 1683 274 1744 aer,
289 1684 383 1754 urpse
396 1674 436 1730 ut
455 1661 595 1732 feminas
611 1665 771 1758 quasdam
793 1669 1001 1746 fecundiores
1021 1679 1132 1754 faeere
1150 1645 1166 1680 ²

74 1761 206 1834 abortus.
218 1767 339 1860 Nuper
358 1764 392 1835 id
412 1783 622 1862 compertum
644 1772 679 1839 in
697 1775 818 1845 Baetica
832 1771 1045 1854 Santarensi³
1060 1813 1130 1858 me·

73 1867 159 1957 tullo,
186 1870 277 1965 quod
303 1860 426 1941 locari⁴
443 1872 579 1944 solitum
609 1900 643 1943 x.
665 1899 710 1947 co
735 1903 766 1950 m
784 1885 919 1974 annuis,
952 1905 1129 1986 postquam

72 1973 269 2046 obliteratum
288 1993 382 2066 erat,
399 2001 487 2050 ocur
507 1977 655 2051 looatum
669 1997 722 2053 est
730 1970 752 2053 ⁵.
773 1987 881 2060 Simili
901 1993 1003 2064 modo
1026 1999 1129 2070 Anto-

71 2139 190 2211 (κάμω,
207 2143 254 2194 sia
272 2141 414 2211 lsdpsuuss·
435 2125 473 2196 lis
487 2143 571 2214 allae,
615 2145 838 2222 hdoeoppido,
848 2153 942 2229 dequo
952 2157 1006 2226 111,
1019 2159 1052 2226 33
1064 2181 1127 2218 nans

70 2218 161 2287 lpapsir·
187 2221 289 2292 ἄργυρος
310 2222 387 2275 ὕπνον
410 2221 469 2291 Ιχιο.
492 2247 505 2271 ι
521 2225 571 2278 So·
614 2237 669 2279 tota
681 2233 805 2301 aregio,
814 2245 844 2286 ut
854 2235 893 2287 ibi
907 2233 1014 2307 dieitur,
1027 2250 1126 2312 oapi,

69 2301 308 2433 umam}
328 2303 567 2453 ”aelim
609 2305 1127 2470 tittlt‘tllt'ssttrititi}

70 2457 111 2512 uis
125 2478 133 2510 s
147 2477 250 2531 punge,
264 2458 330 2532 vigil
345 2460 436 2515 meies.
457 2485 470 2509 ι
489 2462 564 2516 Alte·
607 2464 699 2536 plures
710 2465 740 2520 iu
750 2465 887 2542 Hispania,
900 2478 1124 2538 numerosissimas

69 2535 116 2592 rin
131 2558 237 2612 quoque
255 2538 369 2593 Diodori
394 2542 517 2612 pictoris,
541 2542 564 2598 si
607 2562 672 2598 seso
684 2545 714 2598 in
727 2548 827 2621 Anglia
840 2565 867 2606 et
878 2554 985 2622 Scotia,
1006 2570 1056 2613 etc.
1068 2562 1120 2619 En.

69 2625 146 2671 umen
157 2620 223 2673 alius
239 2638 254 2673 a
267 2619 419 2692 sculpture,
432 2620 564 2676 Leonidas
649 2624 676 2678 3.
689 2623 841 2685 Soutomssi.
854 2632 957 2687 Fodiuu
971 2639 1119 2709 metallioa,

69 2694 187 2752 iueaslem
205 2698 315 2753 Antbol.
331 2700 376 2766 11,
397 2718 442 2770 ¹9·
455 2699 563 2755 Statum·
606 2702 651 2755 oui
665 2704 739 2759 unde
754 2706 785 2761 id
803 2728 903 2765 nomen
919 2714 1061 2786 obtigerit,
1077 2720 1120 2775 in·

69 2775 141 2830 salsus
154 2778 281 2844 femineo,
299 2793 331 2834 ut
347 2778 499 2850 appellant,
515 2800 562 2853 ge·
606 2796 784 2854 compertum.
804 2788 990 2847 Antonianum
1007 2798 1041 2850 ab
1059 2799 1119 2855 An-

67 2857 450 2930 uueGregoriusTusoneusis,
460 2858 563 2932 aliique
605 2862 680 2915 tonio
706 2865 850 2924 triumviro
871 2873 970 2927 metalli
989 2872 1119 2948 domino,

67 2929 153 2991 qim
163 2933 249 2989 lm,
604 2940 678 2995 baud
690 2944 836 3005 obscurum
851 2964 911 3005 ests
935 2965 967 3007 ut
980 2952 1117 3014 Sallustia-

101 3015 141 3069 25.
153 3016 231 3071 iadis.
244 3014 365 3071 Isidorus
379 3017 437 3072 buc
452 3036 562 3092 quoque
604 3038 670 3074 num
677 3040 722 3089 us,
734 3036 762 3078 et
771 3025 914 3085 Liuianum
925 3030 978 3085 diei
990 3037 1116 3093 memini·

67 3090 216 3163 sdrubum,
226 3096 319 3168 0¹3ss-
329 3096 410 3161 xvl,
424 3098 562 3153 ss.H.-
603 3118 731 3176 musuap
751 3124 765 3158 s
780 3106 843 3161 libri
853 3110 941 3181 hujus.
955 3112 990 3165 ll.
1005 3116 1116 3171 -Sssr

66 3170 460 3248 Napaeas‚aqosplossbuss.llt
472 3192 559 3245 sss,et
603 3187 701 3236 turems'.
723 3182 803 3240 Nono
822 3190 947 3243 novimus
968 3192 1115 3267 scalabim,

66 3250 190 3321 plumbum
210 3256 291 3309 bobes
314 3254 410 3321 India,
429 3255 477 3311 sed
493 3270 558 3313 tuno
601 3260 749 3324 Suasorem
765 3282 826 3335 quas
841 3286 897 3323 non
912 3272 1115 3345 retinuerim,

66 3332 360 3409 uellodiebst‚quum
370 3335 474 3391 laeilius
485 3356 558 3392 oom-
601 3337 647 3394 sed
659 3341 688 3395 in
701 3341 853 3412 Lusitanis,
863 3348 938 3420 Tago
949 3349 1056 3407 flumini
1067 3375 1115 3429 ap·

31 3465 33 3468 .
65 3409 205 3485 Udiusque
217 3415 275 3469 buu
287 3415 400 3486 gemmis
411 3433 443 3469 as
459 3434 559 3489 marga·
599 3421 694 3491 posita.
706 3422 787 3476 usos.

64 3486 114 3543 ritis
125 3506 287 3562 permutaret.
300 3495 385 3549 liuor.
642 3505 667 3563 4.
679 3500 776 3553 ῑοοαή.
791 3502 835 3557 Sic
849 3505 961 3561 totidem
971 3508 1026 3564 lere
1035 3510 1112 3586 sylis·

98 3568 555 3645 11211.1.tugr0.1·t‹10r.100.0is.
599 3576 640 3631 bis
658 3580 724 3651 lieg.
743 3598 769 3633 a.
787 3581 868 3648 Quod
885 3585 1001 3642 editores
1021 3590 1111 3649 bacte-

65 3644 252 3720 u-s'uua,
264 3654 307 3707 des
316 3654 478 3725 (οχον-τῶι).
598 3674 649 3711 nus
670 3656 866 3730 depravarant:
897 3666 1003 3731 uQuod
1028 3670 1111 3729 locari

99 3730 554 3790 summarorretommmn
599 3735 705 3791 solitum
717 3736 810 3793 deoem
829 3740 906 3796 libris
923 3764 972 3817 per
993 3766 1025 3802 oo
1050 3766 1114 3808 ante

31 3793 33 3870 l
66 3804 157 3877 οῃκὼ
174 3800 306 3879 (osredo).
327 3812 403 3867 Libri
427 3812 555 3869 hacteuus
596 3834 697 3880 annos,
709 3831 854 3890 postquam
865 3822 1037 3881 obliteratum
1047 3845 1114 3901 ersa,

31 3871 33 3978 l
64 3880 120 3939 editi
138 3904 265 3961 perperam
281 3891 426 3959 exhibent,
453 3894 553 3947 leosta-
597 3914 631 3949 ur
648 3895 766 3951 locatum
785 3912 832 3953 est.
854 3925 865 3948 ι
885 3902 921 3957 Η.
938 3936 979 3949 -
993 3908 1113 3967 Ducenaa

31 3979 33 4098 p
66 3978 121 4019 ΙΙ.
131 3966 292 4039 Capram
303 3972 338 4026 ab
349 3972 436 4026 insula
451 3991 553 4045 eogno-
596 3974 678 4028 millia
689 3974 862 4033 denariorum
876 3992 939 4035 sunt
950 3985 1051 4054 galliono
1058 4008 1110 4044 no.

31 4105 33 4140 ?
64 4056 131 4173 ffile
154 4066 232 4121 prope
251 4051 418 4123 bisintinum,
446 4050 481 4105 de
500 4070 552 4125 qua
596 4054 860 4111 santismouetaslib.
875 4060 1008 4127 muers.
1024 4068 1108 4163 urm:

31 4143 33 4216 p
106 4140 171 4187 1¹¹·
189 4128 352 4186 otessarense
367 4131 403 4185 ab
413 4130 551 4198 Oleastro,
636 4129 661 4187 5.
684 4134 785 4189 chV
804 4138 908 4191 locatim
933 4153 977 4195 est.
1006 4146 1107 4201 Incerti

31 4287 33 4330 Ε
129 4222 182 4291 ut.
510 4264 524 4282 -
917 4235 961 4309 16
1051 4304 1054 4311 ,
