2950 5000
231 442 291 510 DE
313 442 414 511 AERE
439 445 497 512 ET
521 445 626 513 ntus
652 441 1005 512 RECREMENTIS..
1077 437 1147 510 263

101 558 191 612 manius
206 579 221 613 a
239 559 408 626 Dioscoride,
430 561 537 616 Galeuo
558 573 585 616 et
601 561 689 615 Plinio
702 559 845 634 descriptas
863 561 985 625 fueraut,
1002 570 1029 612 et
1046 577 1108 630 quar
1119 559 1149 611 iu

101 651 167 723 Cypri
176 663 270 704 tantum
277 653 395 706 officinia
404 653 510 707 fusoriis
517 653 630 726 reperiri
638 665 760 726 poterant
766 692 774 718 ,
780 653 873 706 eadem
882 653 992 706 uomina
1002 651 1061 704 aliis
1068 651 1149 704 rebas

99 738 242 808 assignam
254 760 263 791 ε
274 738 346 792 uude
359 753 419 795 orta
429 754 469 796 cst
482 741 606 796 confusio
620 742 712 794 multa.

126 827 307 891 (licentiorum
320 829 444 901 plerique
460 842 548 882 tamen
561 828 692 882 cadmiam
706 829 873 892 fornacesm,
887 827 942 882 sire
961 829 1064 880 tutbiam
1081 825 1148 880 Offi-

99 914 197 967 cinatutu
209 916 329 970 eamdem
338 937 400 971 cum
410 917 516 971 cadmia
526 917 627 972 factitis
638 919 766 970 Veterum
781 916 961 987 pronuntiant,
971 933 1060 988 nequo
1071 935 1149 988 pom·

99 999 210 1073 pbolygcs
225 1021 347 1074 generas
361 1002 522 1058 Dioscoride
543 1017 701 1069 memorata,
719 1003 755 1056 ab
772 1004 803 1056 iis
822 1021 883 1076 quas
901 1002 983 1056 nostri
1001 1001 1083 1072 vulgo
1101 1021 1148 1056 vc·

98 1101 157 1151 tant,
165 1092 224 1142 utu
233 1095 416 1163 albam,stears
426 1097 459 1144 de
471 1096 542 1154 siue,
551 1103 601 1144 ete.
613 1090 723 1144 differre
732 1089 919 1158 arbitrantur.)

123 1175 220 1231 Csdmia
240 1179 430 1233 Recentiorum
446 1200 454 1230 r
472 1177 577 1232 cadmia
600 1179 739 1231 fornacum
753 1178 907 1249 Agricola:
929 1176 1015 1230 tatbia
1029 1175 1148 1250 vulgaris

97 1260 161 1316 Ollio.
171 1281 224 1318 uon
234 1267 311 1338 cupri
319 1307 329 1333 ,
337 1267 387 1320 sed
400 1267 544 1324 aurichalci
558 1257 756 1320 recrementum
771 1277 809 1319 est
816 1280 828 1330 ;'
837 1283 884 1318 seu
900 1265 989 1336 potius
1006 1277 1046 1318 est
1059 1283 1147 1317 recre-

96 1362 194 1404 acotam
210 1353 305 1425 lapidis
323 1356 492 1410 calamiuaris
510 1373 572 1408 cum
586 1371 671 1426 cupro
684 1355 752 1417 susi,
764 1371 847 1424 quum
860 1365 980 1406 veterum
994 1345 1100 1406 cadmia
1116 1370 1148 1404 ex

96 1435 139 1490 solo
150 1457 229 1510 cupro
241 1442 388 1496 oriebatur.
400 1443 501 1497 Tutltia
515 1443 604 1514 itaque
615 1443 788 1496 officinarum
806 1453 845 1496 est
856 1440 923 1512 lapis
940 1440 1107 1493 calaminaris
1119 1457 1151 1492 ex

96 1525 196 1580 aetum
205 1529 366 1582 sublimatus
375 1530 411 1584 ad
420 1531 583 1601 superiorem
594 1530 712 1584 fornacis
721 1543 841 1602 partem,
855 1527 902 1581 ubi
914 1527 948 1580 ad
959 1529 1056 1580 ferreas
1065 1527 1151 1581 hastas

96 1616 224 1668 concrescit
236 1616 262 1668 iu
273 1629 390 1670 crustam
403 1617 530 1682 densam,
542 1635 604 1689 quat
619 1631 712 1689 postea
723 1616 857 1670 excutitur
874 1615 899 1668 iu
915 1615 1027 1668 frustula
1040 1614 1151 1668 semitu-

96 1696 180 1762 ΗΜ,
191 1703 315 1756 arborum
323 1705 465 1760 corticibus
473 1705 585 1768 similia,
596 1723 709 1772 sonora,
717 1705 788 1758 intus
797 1702 885 1765 lavia,
895 1703 1034 1766 sublutea,
1044 1715 1151 1756 exterus

95 1789 193 1856 murti·
210 1790 356 1846 admodum
377 1793 489 1847 minutis
509 1810 670 1865 counpem,
690 1793 781 1846 colore
805 1793 912 1845 cinereo
934 1791 1101 1861 aliquantum
1116 1789 1152 1843 ad

95 1877 217 1929 mutem
230 1891 363 1951 vergente.

121 1962 210 2019 ‘l'utbia
227 1967 294 2021 iuter
317 1967 481 2039 ophtalmioa
499 1968 617 2022 reruedia
637 1969 818 2041 prestantiora
838 1967 1150 2038 recensetursabstergit

94 2051 165 2113 mim,
173 2065 201 2108 et
214 2056 392 2110 easicmsiue
403 2057 594 2112 morsu.Uudo
607 2057 635 2109 iu
649 2057 804 2110 hulceribus
817 2074 921 2110 corneto
932 2055 1038 2110 adnatat
1051 2068 1077 2108 et
1091 2056 1150 2127 pal·

94 2138 219 2206 ptbrtrum
236 2143 347 2198 feliciter
365 2145 555 2216 procumbitur,
574 2146 602 2196 in
620 2144 762 2198 oculorum
782 2143 900 2215 pruritu,
925 2143 953 2196 iu
976 2142 1150 2215 ophthalmiis

94 2226 239 2294 uiuentis,
251 2244 278 2285 et
291 2231 328 2284 ad
341 2234 533 2305 lacrymantes,
547 2232 587 2286 vel
600 2232 734 2286 fistulosus
747 2233 838 2286 oculos
852 2231 992 2285 sistendos.

122 2315 276 2393 Pompbolyr
289 2335 317 2374 et
327 2321 446 2393 Spodom
458 2323 500 2376 vel
518 2320 648 2392 spodium
664 2320 830 2375 Dioscuridis
844 2333 869 2374 et
886 2320 983 2374 Galeui
993 2321 1022 2374 in
1035 2319 1150 2374 officinis

94 2421 155 2459 usuc
166 2408 252 2480 ignota
264 2422 336 2462 sunt.
352 2409 522 2464 Dioscorides
539 2425 566 2462 et
578 2410 696 2464 Galsaus
709 2421 822 2464 narrant
834 2409 1036 2482 Pompbolygcn
1048 2407 1151 2480 duplici

94 2493 180 2548 raucus
190 2496 287 2551 confici
299 2516 398 2568 posse:
413 2499 498 2553 vellit
515 2518 549 2553 ex
563 2499 622 2552 nris
636 2499 745 2553 materia
761 2500 790 2551 in
809 2499 967 2552 fornacibus
984 2497 1058 2565 fusa,
1074 2500 1150 2569 cujus

95 2576 167 2634 bsills
174 2583 201 2636 iu
210 2584 427 2638 candidissimum
437 2598 463 2639 et
473 2585 633 2639 levissimum
642 2585 771 2658 pollinem
782 2586 942 2649 concreatum
956 2584 998 2639 vel
1007 2584 1149 2639 conficitur

94 2684 121 2717 01
130 2668 224 2724 cadmia
237 2673 295 2725 sola
305 2673 402 2726 eximie
414 2674 523 2727 follibus
535 2672 659 2745 proflata.

121 2754 308 2833 Pompbolpgos
320 2760 377 2827 duo
387 2780 486 2833 genera
498 2759 636 2815 coustituit
651 2760 818 2815 Dioscorides
833 2780 840 2815 :
853 2780 940 2815 unum
953 2760 987 2815 ad
1001 2760 1061 2815 acris
1077 2758 1151 2813 colc-

92 2858 139 2895 Μ
149 2865 268 2921 vergens,
277 2850 445 2922 subpingue3
454 2851 567 2905 alterum
578 2849 808 2913 candidissimum,
821 2868 1006 2924 summamque
1014 2850 1148 2905 levitatem

93 2944 194 2989 Mum.
807 2988 810 2995 .

121 3020 233 3079 Candida
250 3026 418 3099 pompholyx
438 3026 484 3089 fit,
497 3027 587 3100 inquit
609 3027 793 3091 Dioscorides,
813 3029 917 3100 quoties
935 3027 965 3080 in
982 3024 1148 3099 perficiendo

92 3122 150 3173 cre,
160 3111 225 3165 fabri
238 3117 446 3184 prestantiorem
461 3116 546 3171 facere
558 3116 688 3177 solentes,
702 3114 826 3169 detritum
837 3116 969 3171 cadmiam
984 3114 1149 3169 cumulatius

91 3192 245 3266 incusator
258 3202 326 3269 (aire
337 3222 383 3273 per
398 3204 469 3257 hauc
482 3204 616 3257 cadmiam
630 3216 724 3257 auctor
741 3203 871 3275 intelligat
886 3220 984 3257 novam
998 3202 1146 3265 mineram,

91 3279 138 3335 site
146 3286 269 3341 factitiam
279 3290 424 3352 cadmiam,
433 3310 530 3362 nempe
537 3291 637 3343 metalli
646 3290 791 3360 fuliginem)
801 3312 809 3355 ;
819 3310 879 3345 uam
891 3290 1045 3345 tenuissima
1053 3288 1148 3343 favilla

92 3386 142 3438 qna
153 3374 255 3445 copiose
263 3378 384 3440 effertur,
393 3379 422 3431 iu
436 3379 634 3451 pompholygen
643 3379 707 3433 coit.
717 3381 752 3431 At
763 3397 826 3433 vero
839 3378 1031 3433 conficiebatur
1039 3396 1147 3449 quoque

92 3460 178 3515 usola
188 3464 293 3519 cadmia
302 3466 330 3517 iu
343 3466 497 3521 fornacibus
505 3467 660 3529 combusta,
670 3485 767 3540 nempe
776 3467 887 3521 minutis
897 3466 1007 3520 cadmia
1017 3466 1148 3540 fragmen·

92 3546 244 3623 liticigucru
252 3557 379 3628 conjectis
389 3557 437 3628 qui
445 3566 507 3609 aute
515 3559 638 3611 erarium
646 3558 752 3630 jacebat
761 3558 861 3611 follem.
870 3558 962 3630 Egesta
971 3557 1042 3609 enim
1053 3556 1147 3610 suffitu

93 3638 166 3693 mis
179 3644 295 3698 mstmie
306 3663 366 3715 pars
377 3657 404 3697 et
421 3644 500 3710 levis,
514 3662 618 3699 munera
635 3644 671 3699 ad
686 3646 739 3701 boc
759 3657 849 3718 parata
866 3645 1012 3717 excipitur.
1029 3645 1063 3696 At
1082 3662 1148 3697 vero

92 3728 153 3791 qaod
162 3726 296 3809 reflectens
305 3730 335 3783 in
345 3731 529 3804 pavimentum
538 3731 675 3786 recidebat
682 3771 691 3795 ,
698 3731 797 3804 spodos
807 3744 846 3785 est
857 3750 904 3785 seu
917 3729 1053 3802 spodium.
1061 3729 1150 3801 Nigri·

94 3822 158 3864 utet
168 3816 322 3889 plerumque
331 3818 496 3889 ponderosus
512 3831 569 3883 est,
584 3832 654 3874 terra
665 3832 691 3873 et
704 3820 832 3892 spurcitie
846 3820 874 3871 in
888 3818 1056 3872 acervatioue
1066 3818 1151 3871 refer·

94 3908 150 3953 ¹⁸¹¹.
168 3900 200 3955 Et
219 3924 307 3959 resera
320 3919 378 3959 erat
393 3908 467 3979 quasi
482 3920 690 3980 purgamentum
701 3906 854 3981 quoddam,
868 3904 942 3980 quod
950 3906 985 3959 ab
995 3905 1150 3959 oratiarum

94 3985 248 4047 divinarum
259 3994 415 4063 pavimentis
422 4006 450 4047 st
459 3994 612 4051 fornacibus
621 3996 768 4063 exterritum
781 3994 854 4049 uude
862 3990 961 4067 spodos
971 3992 1153 4067 pompholyge

95 4072 162 4145 lure
172 4075 287 4134 deterim
297 4082 463 4137 censebatur.
