2950 5000
339 399 409 487 546
611 403 649 471 C.
674 401 844 471 PLlNll
869 403 974 473 NAT.
999 404 1129 471 HlST.

334 534 412 604 addi
422 534 539 603 debet:
559 531 711 602 fluviatili
723 547 783 601 aut
798 534 953 622 marinae,
981 536 1087 604 tertia.
1105 536 1141 605 Si
1155 550 1189 605 ct
1201 533 1300 605 tcstn²
1313 550 1382 605 tuse

335 643 432 709 tertia
446 665 523 735 pars
539 637 691 725 addatur,
709 638 826 709 melior
843 641 982 709 materia
999 642 1070 709 erit.
1094 640 1145 709 Ab
1159 627 1382 735 Apennino³ad

333 746 461 816 Padum
479 772 547 817 non
567 746 736 815 invenitur
753 744 896 833 sossitia,
916 771 979 815 nec
1000 761 1091 815 trans
1113 748 1224 815 marin.

302 884 313 917 ι
387 856 460 921 LV.
488 853 675 921 Ruinarum
703 851 808 921 Urbis
830 875 869 921 ca
896 852 1039 920 maxime
1060 876 1176 937 causa,
1202 852 1287 946 quod
1307 852 1381 921 liuto

334 956 450 1027 calcis'
467 960 537 1028 sine
552 957 733 1027 ferrumine
750 982 811 1027 suo
830 971 991 1027 cementa
1009 973 1267 1052 componuntur.
1285 960 1384 1026 intrita

333 1060 486 1157 quoque¹
504 1088 576 1157 qno
591 1065 765 1149 vetustior,
782 1088 824 1132 eo
839 1062 969 1133 melior.
990 1066 1032 1131 In
1054 1064 1264 1159 antiquarum
1285 1063 1386 1132 aediun

334 1167 460 1263 legibus
470 1170 650 1255 invenitur,
660 1192 705 1237 nc
716 1170 900 1239 recentiore
916 1170 1014 1237 trinta
1029 1184 1180 1239 uteretur
1191 1154 1386 1264 redemptor³.

332 1275 414 1345 ldeo
432 1273 522 1344 nulla
538 1276 677 1345 tectoria
688 1299 805 1344 eorum
819 1276 911 1344 rimae
926 1274 1104 1345 foedavere.
1118 1264 1323 1345 Tectorium⁴
1335 1276 1387 1370 qni

373 1507 401 1541 a.
412 1487 443 1541 Si
453 1500 480 1539 et
492 1498 567 1541 totoe.
577 1486 735 1551 Vitruviae,
744 1486 764 1538 l.
779 1505 803 1539 c.
813 1486 848 1541 Η.
893 1497 957 1540 teate
965 1487 1139 1557 Tranquillo,
1149 1504 1208 1557 cap.
1218 1506 1271 1541 urr
1282 1508 1288 1539 ι
1302 1514 1312 1535 ι
1324 1488 1389 1543 Sene·

373 1566 400 1619 3.
417 1570 554 1637 Apennino.
580 1567 612 1618 In
635 1565 736 1637 acripto
759 1584 848 1618 exem·
891 1583 951 1619 cam
967 1576 1024 1618 tum
1034 1568 1149 1619 maxime
1162 1566 1390 1637 placentem,con-

331 1646 403 1717 plari
425 1659 479 1710 non
498 1645 596 1718 legitur
611 1644 725 1709 Pudor,
745 1643 793 1697 aed
808 1665 850 1697 eo·
892 1644 1030 1698 mistiones
1054 1664 1141 1698 merae
1169 1664 1347 1717 componere,
1367 1660 1390 1701 et

332 1745 397 1788 rurae
406 1723 579 1779 scribendum
590 1736 672 1794 puto,
682 1746 694 1769 ι
707 1724 750 1777 Ab
760 1725 849 1795 Apen-
891 1742 999 1777 arenam
1011 1742 1067 1778 ease
1078 1725 1136 1778 eine
1149 1726 1223 1779 calce
1233 1724 1351 1779 dicerem
1360 1724 1389 1778 ll.

331 1804 549 1859 ninoadUrbem
557 1803 844 1865 noninrenitnr,etc.·
934 1804 1390 1877 2.1ntritoqnoque.1ntritamcaloera

332 1903 395 1936 nam
412 1883 531 1954 sequitur
552 1883 640 1945 atatim
655 1903 688 1933 :⁴
699 1882 848 1935 Ruinarum
890 1894 984 1949 vocat,
999 1896 1029 1936 ut
1044 1902 1105 1936 cnm
1118 1883 1279 1947 Hermolao,
1295 1886 1392 1956 aliisque

332 1962 459 2016 Urbiaca
473 1960 588 2014 maxima
601 1980 678 2014 cauea
693 1974 750 2026 eet,
766 1972 816 2039 etc.
834 1988 845 2009 ι
891 1960 1038 2027 credimur,
1051 1980 1111 2035 qnae
1124 1963 1206 2035 longo
1219 1975 1337 2035 tempore
1346 1982 1391 2016 ne-

333 2041 413 2094 Prrrr.
429 2041 525 2093 -At
540 2042 678 2109 Apennino.
692 2040 849 2105 Vitruvius,
891 2053 978 2094 cerata
1002 2042 1049 2105 eit,
1073 2058 1104 2093 ac
1132 2043 1300 2095 fermentata.
1312 2044 1391 2095 Vitru-

301 2126 304 2130 ’
332 2121 382 2175 lib.
402 2122 443 2182 ΙΙ,
463 2137 524 2191 paq.
542 2125 600 2173 ac:
621 2144 634 2167 e
650 2120 768 2173 Maxime
784 2138 849 2173 vero
890 2119 964 2173 vinna
977 2120 1035 2192 leqe
1048 2131 1106 2173 toto
1118 2120 1390 2193 cap.aeonndol.Vll.

331 2200 397 2253 licet
414 2196 598 2264 conciderare',
612 2198 686 2269 qnod
706 2218 758 2271 qua
772 2218 850 2253 mona
890 2196 999 2252 ll.-In
1018 2198 1096 2253 terrie
1111 2218 1172 2270 quar
1186 2198 1321 2273 quondam
1335 2200 1392 2272 iqui-

332 2278 493 2348 Apenninus
499 2277 622 2349 regiones
629 2278 713 2331 Italiae
722 2278 849 2331 Etruria·
890 2278 941 2331 bna
954 2278 1100 2332 volcanicia
1110 2297 1248 2345 exarsere,
1259 2298 1335 2333 arena
1346 2282 1391 2333 loa-

332 2376 385 2429 que
403 2356 601 2428 circumcingit,
618 2375 704 2434 prope
722 2357 848 2411 omnibue
890 2356 949 2411 uitia
967 2358 1127 2429 plerumque
1148 2360 1299 2429 repetitum
1317 2377 1392 2431 neque

332 2437 398 2489 locia
411 2456 467 2489 non
481 2435 579 2490 duunt
591 2436 692 2489 inscitia
705 2436 846 2489 arenaria:
889 2436 947 2508 ipsa
964 2437 991 2489 iu
1012 2437 1103 2490 multia
1120 2436 1217 2492 Galliae
1237 2439 1394 2512 locie'inlre·

332 2529 405 2570 trane
417 2517 590 2585 Apenninum
611 2534 692 2582 vero,
709 2535 769 2588 quae
788 2535 848 2586 pare
889 2535 988 2588 mene,
1011 2535 1163 2588 qumquam
1193 2518 1293 2572 Italion
1316 2520 1402 2592 impar·

332 2610 372 2650 eat
384 2595 418 2650 ad
432 2593 598 2649 Adriaticum
610 2612 702 2661 mere,
715 2596 788 2648 nulla
805 2595 847 2648 in·
889 2595 945 2649 iere
960 2593 1075 2651 ridetur.
1086 2597 1139 2650 En.

333 2675 476 2728 veniuntur
491 2675 576 2726 :item
595 2674 712 2740 Achaia,
724 2675 805 2740 Asia,
820 2687 847 2727 et
931 2675 957 2729 3.
970 2675 1121 2745 Redemptor.
1130 2673 1326 2748 Redemptoree
1341 2695 1393 2748 pur

333 2755 445 2809 omnino
453 2766 620 2817 transmare,
628 2772 663 2807 ne
672 2754 847 2807 nominantur
888 2753 948 2824 prie
956 2766 984 2807 et
992 2773 1027 2807 ex
1038 2755 1146 2826 antiqua
1159 2758 1350 2810 conenetnrline
1359 2755 1394 2808 di·

332 2831 451 2904 quidem.
467 2830 552 2885 {sed
567 2831 705 2886 Pbilandri
721 2846 798 2886 notae
813 2831 847 2886 ad
889 2835 1028 2899 rebantur,
1044 2835 1092 2905 qui
1107 2847 1182 2888 certo
1202 2838 1292 2905 pretio
1304 2833 1394 2890 coodu-

331 2931 393 2964 eum
409 2914 496 2964 locum
512 2913 630 2972 consule.
645 2911 681 2964 Η.
692 2943 733 2956 -
746 2913 845 2966 Iotrita.
888 2913 985 2965 cebant
994 2913 1151 2967 univercum
1165 2914 1277 2986 aliquod
1291 2915 1391 2988 operia·

332 2991 430 3056 Nobis,
442 2991 521 3043 clauc
528 2990 608 3057 surde.
620 2993 672 3044 En.
887 2991 1021 3045 ciendum.
1031 2991 1122 3046 liano.

371 3072 431 3124 LV.
460 3088 486 3122 1.
516 3071 592 3139 Quod
608 3070 681 3137 furto
700 3070 782 3122 calco.
807 3071 845 3122 Ut
929 3076 956 3134 4.
976 3073 1112 3124 Tentorium
1129 3071 1234 3142 quiden.
1247 3073 1391 3136 Vitruviae,

314 3149 503 3222 'pingentium
520 3147 663 3202 inrtnntin
679 3148 781 3214 minio,
796 3149 844 3203 lib.
886 3148 936 3202 lib.
953 3151 1025 3216 vlt,
1047 3168 1106 3223 cap.
1132 3151 1163 3218 3,
1188 3170 1252 3224 pag.
1278 3153 1346 3214 132.
1371 3165 1392 3206 et

331 3230 469 3292 xxxin,
492 3245 554 3298 cap.
577 3235 626 3294 40,
650 3229 688 3282 cic
712 3226 794 3280 modo
817 3229 844 3281 in
888 3228 1037 3295 Palladiae,
1050 3231 1097 3284 lib.
1110 3231 1137 3294 1,
1150 3249 1211 3302 cap.
1227 3232 1274 3296 1⁵,
1286 3234 1334 3286 tria
1346 3250 1393 3284 are·

331 3311 403 3362 calce
416 3320 546 3362 tectorum
558 3307 679 3378 rapinam
693 3325 845 3378 coarguere,
886 3326 929 3360 nae
952 3309 1042 3375 coria,
1065 3311 1116 3363 tria
1138 3313 1281 3365 marmoris
1298 3308 1393 3364 deiide·

331 3389 411 3460 piune
421 3383 536 3441 ridetur.
550 3387 714 3451 Ferramen,
728 3385 757 3438 id
771 3385 845 3456 quod
886 3399 955 3448 rent.
968 3402 998 3442 ut
1006 3390 1040 3442 ait
1048 3409 1118 3460 opus
1124 3401 1150 3440 et
1156 3387 1289 3454 solidum,
1301 3404 1326 3444 et
1334 3387 1391 3442 adeo

331 3469 430 3539 alligat,
439 3464 719 3538 glutinatque,Latini
730 3479 842 3519 vocant:
886 3467 989 3533 nitent,
1010 3480 1039 3521 ut
1061 3469 1142 3522 etiam
1156 3487 1292 3539 expressae
1309 3469 1392 3539 imagi·

331 3547 404 3600 unde
422 3544 613 3610 ferruminare,
629 3564 679 3615 pro
694 3545 843 3615 glutinare,
886 3565 933 3599 nce
946 3544 1153 3616 adspicientibus
1164 3549 1293 3602 remittat.
1304 3549 1391 3602 Tecto-

330 3625 486 3681 tralatitium
494 3636 543 3676 eet.
552 3625 584 3676 ln
597 3624 712 3677 tectoriis
721 3623 778 3676 calx
789 3623 844 3678 ser·
887 3625 972 3685 riom,
993 3626 1182 3680 illinimentum
1204 3641 1259 3692 eat,
1279 3641 1306 3682 et
1327 3628 1392 3700 quasi

330 3706 444 3760 ruminio
464 3703 550 3756 ricem
564 3705 684 3774 prabet,
702 3699 777 3774 quod
792 3721 844 3757 ca·
888 3703 1044 3758 incrustatio
1059 3705 1181 3776 parietis,
1193 3725 1253 3778 qnae
1266 3707 1297 3760 lit
1307 3725 1392 3778 gypso,

330 3799 419 3840 menta
438 3783 518 3853 ligat,
538 3793 570 3836 ut
589 3781 692 3836 dicetur
712 3801 771 3853 cap.
795 3784 842 3836 68.
887 3783 972 3849 calce,
986 3798 1036 3837 etc.
1050 3785 1162 3838 Constat
1175 3786 1299 3855 pluribus
1309 3785 1393 3848 coriis,

330 3865 372 3918 Eo
388 3863 526 3924 destituta,
539 3861 621 3916 rimae
634 3862 689 3916 sere
705 3879 798 3932 apere,
813 3878 845 3915 ac
884 3863 1004 3934 pdoleurs
1018 3865 1116 3916 comites
1131 3865 1162 3917 de
1174 3865 1255 3917 ebone
1269 3878 1296 3916 ee
1307 3867 1336 3918 de
1343 3863 1392 3936 μί·

329 3941 439 3998 dissolri
466 3958 571 3994 ueceeee
597 3953 645 3994 eat.
674 3942 736 3994 linc
763 3941 843 3994 Calue
889 3955 956 3996 tre·
970 3943 1085 3997 Calicem
1098 3941 1209 3997 edificia
1225 3969 1237 3992 ι
1251 3943 1392 4014 Feetnaap

330 4024 417 4078 Corae
430 4019 605 4076 Germanicne
614 4019 749 4074 alludebat
759 4039 842 4092 qnum
887 4021 986 4094 pellat,
1000 4041 1060 4094 que
1074 4035 1138 4076 aunt
1150 4024 1217 4078 coloe
1223 4023 1315 4094 polita.
1325 4023 1355 4076 Η.
