2950 5000
408 450 561 518 mann
592 450 795 517 xxxvii.
1064 451 1136 545 609

84 606 192 678 genera
213 578 473 675 distinguuntur.
500 583 585 649 Sunt
613 580 715 675 aliqui
737 581 890 667 obscuri,
909 607 993 677 quos
1017 598 1139 653 vocant

83 674 198 757 coecos³
221 708 230 751 ε
255 687 310 756 alii
341 682 453 772 densi,
483 710 545 755 nec
573 684 737 781 eliquido
765 686 983 757 translucidi:
1003 688 1138 781 quidam

83 796 163 863 varia
183 789 348 863 nubecula
373 792 559 885 improbati.
588 791 687 860 Aliud
708 805 759 861 est
779 791 862 878 hoc,
883 818 982 887 quam
1002 795 1138 878 umbra,

82 899 118 968 de
136 925 198 994 qua
217 885 390 968 diximus⁴.
410 896 584 966 Nubecula
611 900 699 966 enim
725 885 916 967 albicantis⁵
936 914 987 969 est
1007 902 1140 987 vitium,
1159 935 1174 968 ι

82 1030 174 1099 quum
189 1005 302 1073 viridis
316 1028 385 1073 non
401 1005 577 1097 pertransit
590 1019 764 1099 aspectus,
778 1004 835 1072 sed
848 1020 906 1073 aut
919 1006 1007 1073 intus
1021 1030 1138 1075 oecur-

58 1113 135 1196 'rit,
151 1127 210 1180 aut
229 1112 353 1204 excipit
369 1110 402 1178 in
424 1108 490 1177 fine
512 1111 618 1177 visum
637 1109 773 1178 candor.
803 1112 883 1179 Haec
904 1110 1023 1180 coloris
1044 1110 1139 1181 vitia:

83 1215 129 1285 illa
139 1202 317 1311 corporis⁶,
324 1212 591 1310 capillamentum
600 1266 610 1299 ,
620 1214 682 1299 sal,
694 1214 883 1311 plumbago.
897 1218 947 1285 Ab
961 1218 1000 1285 iis
1012 1218 1139 1287 AEthio·

82 1324 138 1416 piei
156 1322 372 1392 laudantura
395 1323 506 1414 Copto
532 1320 659 1389 dierum
685 1322 784 1389 trium
808 1324 942 1409 itinere,
965 1338 1002 1391 ut
1027 1337 1143 1393 auctor

82 1442 125 1497 est
140 1431 245 1514 Iuba,
272 1429 394 1497 acriter
412 1425 536 1495 virides
544 1426 569 1512 ⁷,
599 1426 744 1494 sednon
763 1424 859 1497 facile
879 1430 954 1521 puri
975 1442 1032 1497 aut
1057 1454 1142 1498 con-

82 1532 206 1604 colores.
236 1534 451 1603 Democritus
477 1532 510 1599 in
532 1531 599 1603 hoc
623 1556 744 1625 genere
769 1534 865 1625 ponit
884 1536 1047 1603 Hermeos
1058 1520 1081 1621 ⁸,
1107 1551 1142 1604 et

82 1641 243 1709 Persicos:
263 1638 336 1708 illos
353 1651 638 1707 extumescentes:
657 1640 806 1707 Persicos
824 1663 904 1707 vero
921 1664 987 1709 non
1004 1638 1144 1709 translu-

84 1746 180 1831 cidos,
196 1746 254 1815 sed
271 1743 411 1837 jucundi
430 1745 571 1828 tenoris,
587 1744 692 1811 visum
714 1740 869 1837 implere,
887 1769 985 1838 quem
1003 1770 1072 1814 non
1090 1745 1145 1814 ad·

83 1855 223 1938 mittant,
246 1850 361 1919 lelium
382 1849 686 1942 pantherarumque
706 1848 811 1918 oculis
835 1850 977 1919 similes:
998 1876 1142 1946 namque

83 1972 111 2024 ct
123 1955 191 2027 illos
206 1956 352 2039 radiare,
368 1979 429 2023 nec
445 1955 589 2048 perspici
605 1978 613 2022 :
634 1954 768 2022 eosdem
789 1956 821 2022 in
836 1954 904 2025 sole
920 1956 1068 2025 hebetari
1084 1983 1092 2025 :
1107 1959 1142 2026 in

83 2062 189 2131 umbra
210 2060 392 2155 refulgere,
411 2075 445 2128 et
464 2058 609 2155 longius,
624 2084 724 2153 quam
744 2076 903 2145 caeteros,
924 2064 1036 2131 nitere.
1058 2065 1141 2131 Om-

83 2169 165 2236 nium
185 2169 310 2237 horum
336 2168 516 2235 etiamnum
536 2166 670 2251 vitium,
689 2164 780 2260 quod
798 2166 881 2235 fellis
904 2166 1066 2251 colorem,
1084 2184 1142 2238 aut

83 2276 146 2343 aris
161 2271 291 2342 lrabet⁹.
315 2276 355 2341 ln
376 2270 445 2340 sole
465 2270 600 2340 dilucidi
620 2270 753 2366 quidem
776 2295 815 2341 ac
837 2272 965 2365 liquidi,
992 2273 1050 2343 sed
1073 2300 1141 2343 non

117 2515 142 2567 3.
151 2505 587 2585 Quoswcrrtcoecos.lltrbodens,
630 2506 715 2576 princ.
727 2507 813 2560 Brott.
826 2509 948 2578 exRegg.
966 2529 998 2574 a,
1012 2509 1047 2576 3,
1062 2511 1096 2577 5,
1109 2515 1140 2578 6,

83 2592 122 2644 lib.
137 2591 170 2646 de
183 2590 281 2663 lapid.
305 2601 375 2660 pret.
400 2588 428 2640 in
454 2588 529 2660 pref.
551 2585 586 2640 de
630 2587 751 2638 alacriter.
759 2587 841 2640 Color
852 2600 940 2641 autem
952 2588 1072 2644 alacriter
1082 2591 1143 2645 riri-

83 2673 185 2742 gemmis
201 2690 208 2724 :
228 2697 239 2718 ι
254 2672 323 2735 Quae
338 2685 393 2719 non
409 2667 586 2731 translucent,
630 2664 673 2718 dis
685 2665 764 2718 nobis
775 2665 883 2732 dicitur,
900 2669 922 2718 le
936 2672 1048 2738 vert-gui·
1065 2672 1119 2723 En.

84 2768 158 2806 cecus
171 2752 282 2803 volnere
294 2746 393 2799 vocari.
410 2772 421 2793 ι
437 2746 528 2798 Hinn.
671 2745 699 2798 8.
710 2745 833 2797 Her-meos.
845 2745 889 2800 Sic
899 2745 980 2798 iidem
993 2749 1068 2802 Mss.
1082 2769 1141 2804 non

117 2837 141 2894 4.
163 2832 205 2882 De
217 2849 265 2901 qua
279 2827 391 2880 diximus
410 2826 494 2878 Panlo
509 2835 585 2886 ante,
631 2824 778 2876 nemum.
793 2825 836 2876 Ab
851 2826 958 2877 Hermia
974 2845 1054 2898 supra
1069 2827 1141 2884 dicto

82 2927 108 2962 sc
119 2911 197 2980 plane
208 2907 299 2960 modo.
312 2907 405 2958 Hsan.
629 2902 657 2954 lii
673 2921 771 2956 nomen
786 2902 892 2955 habent.
915 2903 947 2956 H.
970 2937 1008 2947 —
1022 2907 1142 2961 Eurome-

118 2991 144 3043 5.
166 2989 315 3042 didiceritis.
339 2981 485 3054 Smer-agdi.
511 2983 545 3036 ll.
629 2993 727 3034 sunta.
749 2983 835 3035 Gron.
860 2994 886 3034 et
908 2982 951 3034 at.
973 2982 1061 3037 addim
1086 3005 1140 3042 una

116 3075 141 3122 ⁶.
153 3067 205 3122 1110
214 3070 328 3136 corperis.
343 3062 528 3133 Solinnsmp.
540 3079 585 3123 xv,
629 3079 710 3125 voce,
726 3073 852 3112 extumere.
861 3063 992 3129 ps'rrgniter.
1006 3066 1059 3116 En.

85 3165 138 3221 pag.
154 3150 209 3212 36,
227 3144 261 3198 de
276 3142 440 3212 smsragdisr
460 3167 471 3188 ι
485 3141 585 3194 Vitiosi
671 3158 696 3209 9.
707 3140 782 3207 Quod
780 3141 850 3207 sellis
857 3140 965 3198 colonis,
976 3154 1020 3194 cut
1029 3148 1085 3195 oerr's
1096 3146 1140 3198 lia·

83 3245 168 3280 eorum
185 3225 342 3278 intrinsecus
355 3220 481 3292 quasdam
497 3220 587 3273 sordes
631 3217 678 3270 bes.
690 3219 766 3271 Prius
772 3219 918 3290 legebatur,
928 3232 971 3271 cut
979 3225 1050 3273 aeris.
1062 3223 1139 3277 MSS.

82 3307 192 3365 lisbent,
207 3305 248 3358 rel
268 3303 395 3373 plumbo,
416 3301 456 3353 ret
480 3301 588 3372 capills·
630 3299 693 3368 Reg.
713 3319 745 3358 a,
761 3298 840 3351 Colh.
855 3299 892 3361 3,
915 3298 981 3352 Fux.
995 3301 1056 3366 alii,
1076 3307 1140 3356 acris

85 3387 190 3449 mentis,
208 3385 249 3437 rel
273 3382 352 3435 etiam
372 3379 420 3434 suli
440 3380 552 3445 similes,
571 3404 582 3425 ·
630 3379 678 3428 olei
693 3386 695 3395 '
711 3377 850 3441 exhibent,
886 3376 967 3432 credo
1003 3381 1139 3437 mendose.

84 3464 194 3528 horat,
206 3481 290 3535 grsno
303 3461 378 3522 selis,
392 3459 447 3510 sire
458 3477 587 3522 verruca,
631 3457 702 3509 AEris
721 3469 792 3510 certe
812 3457 884 3509 colos
904 3458 975 3511 sellis
990 3472 1030 3512 est
1055 3463 1140 3515 colori

84 3556 111 3596 nt
125 3543 227 3597 dictum
239 3554 325 3594 antea.
338 3541 378 3593 De
392 3539 518 3608 plumbo,
532 3538 588 3591 sire
630 3535 726 3588 affinis.
742 3537 776 3589 Et
789 3534 963 3602 tantotiens,
983 3539 1030 3591 lib.
1042 3537 1076 3593 de
1089 3543 1140 3594 Le·

84 3622 265 3692 plumbagine,
285 3621 342 3691 ipse
362 3637 433 3670 mox.
453 3616 588 3680 Isidorus,
631 3613 687 3685 pid.
700 3629 768 3685 pret.
782 3634 840 3687 cap.
855 3617 908 3681 54,
922 3615 957 3668 de
977 3619 1137 3690 sninragdis:

85 3701 153 3772 Orig.
161 3701 207 3753 lib.
223 3701 303 3763 xvt,
314 3717 371 3769 esp.
380 3698 486 3767 7‚liunc
498 3697 587 3750 locum
632 3717 643 3738 ι
658 3693 726 3747 Sunt
735 3709 761 3748 et
774 3696 819 3766 qni
831 3695 904 3748 venis
916 3697 987 3749 nnsei
1001 3699 1141 3766 perhiben-

85 3782 244 3840 csscdbens,
261 3779 430 3849 lapillcmentr's
444 3774 590 3840 mendose,
631 3775 719 3826 turin
740 3774 813 3838 cris,
830 3775 905 3838 Quos
918 3777 1028 3828 maculis
1048 3777 1142 3831 vitiosa

85 3878 131 3930 pro
142 3857 337 3930 capillamentis
360 3856 456 3926 posuit.
473 3857 510 3907 ll.
632 3864 706 3905 notat
715 3867 809 3906 natura
822 3853 961 3924 smaragdi.
973 3880 984 3902 ι
1002 3857 1143 3930 Rubiginis

122 3957 149 4009 7.
162 3940 262 3992 Acrs'm
274 3937 373 3988 vulda.
388 3935 466 3987 MSS.
483 3950 589 3999 ornnes,
633 3933 691 3985 eris
700 3932 798 3986 habere
808 3931 967 3985 viriditatem
976 3934 1144 3990 aitrllbertus

87 4019 194 4070 alacriter
204 4017 305 4069 uirides.
324 4018 389 4086 Reg.
405 4035 438 4078 a,
455 4014 533 4066 Colb.
554 4013 587 4074 3,
633 4013 761 4081 Magnus,
783 4011 830 4064 lib.
844 4013 871 4063 ll
885 4011 919 4064 de
931 4009 1051 4068 Mineral.
1068 4029 1143 4068 tract.

88 4095 148 4149 Fur.
161 4096 215 4150 elii.
223 4095 256 4148 ll.
266 4127 306 4139 -
317 4096 422 4148 Acriter.
435 4094 477 4146 Sic
488 4105 515 4144 et
525 4090 589 4146 edit.
635 4109 737 4161 uper.
756 4089 809 4160 ²³7
820 4113 825 4142 ε
837 4113 848 4136 ι
863 4104 889 4144 et
901 4093 950 4162 qni
964 4091 991 4144 in
1004 4095 1077 4146 venis
1088 4099 1156 4150 uris.

44 4281 55 4298 ⁴
154 4196 217 4264 IX.
738 4211 741 4214 ⁴
981 4187 1026 4284 39
