2950 5000
418 445 571 513 utnon
596 445 754 513 xxxv.
1049 447 1117 546 ιι,

85 578 217 648 securitas
228 577 305 646 inea
315 602 354 646 re
365 591 555 662 annotatur,
565 589 605 644 ut
617 579 655 646 1.
668 573 808 664 Manlio,
822 575 887 664 Qu.
901 575 1018 646 Fulvio
1033 605 1118 650 coss.

85 707 162 781 anno·
179 684 273 754 Urbis
298 707 421 752 nuxxv
442 685 491 752 M.
510 681 661 752 Aufidius
682 681 794 750 tutelae
814 683 969 778 Capitolii
993 686 1121 756 redem-

85 789 183 884 ptor¹·',
194 786 370 860 docuerit¹¹
386 803 498 884 patrea
512 785 712 884 argenteos¹²
730 813 802 857 esse
822 786 970 884 clypeos,
985 793 1041 884 qui
1060 817 1123 887 pro

84 898 158 966 arcia
170 921 226 990 per
240 894 367 989 aliquot
379 897 448 989 jam
470 893 575 964 lustra
595 894 857 989 assignabuntur.

126 1005 161 1070 V.
198 1004 249 1071 De
275 1003 415 1096 picturae
442 1001 541 1071 initiis
569 1002 714 1087 incerta,
743 1025 804 1068 ner.
839 1001 980 1070 instituti
1016 1005 1125 1098 operis
1146 1039 1157 1075 ι

83 1109 198 1200 quaetio
210 1121 268 1178 est.
282 1108 428 1203 AEgyptii
446 1129 505 1176 aex
523 1106 667 1176 millibus
678 1129 842 1176 annorum
856 1107 944 1200 apud
966 1107 1054 1200 ipsos
1075 1110 1125 1178 iu-

83 1227 208 1296 ventam,
218 1216 407 1308 priusquam
421 1215 454 1280 in
467 1213 631 1282 Graeciam
642 1213 814 1300 transiret,
835 1212 1024 1301 affirmant,
1040 1239 1126 1286 vana

83 1319 303 1412 predicatione,
315 1335 354 1388 ut
364 1318 475 1414 palam
489 1333 548 1388 eat
567 1319 677 1389 Graeci
689 1333 800 1386 autem
818 1317 872 1388 alii
886 1321 1027 1414 Sicyone
1038 1318 1060 1406 ¹,
1072 1321 1127 1390 alii

82 1426 153 1517 apud
168 1425 356 1496 Corinthios
373 1440 561 1520 repertam,
581 1423 714 1494 omues'
735 1423 855 1494 umbra
875 1425 1019 1496 hominis
1035 1426 1129 1498 lineis

83 1623 195 1689 mut,
217 1624 243 1680 5.
264 1627 307 1679 Ex
331 1624 428 1679 Fulvio
447 1624 572 1692 contule,
614 1637 694 1678 tem
698 1643 748 1690 ,ι,
757 1624 860 1679 March.
872 1625 951 1692 XIV,
964 1633 1009 1690 ιι.
1022 1625 1130 1682 Pondua

82 1703 204 1775 mipostea
212 1717 389 1768 memoratur,
398 1724 482 1776 genua
492 1705 574 1758 traxit
614 1702 644 1758 id
655 1705 820 1758 fuitcentum
833 1705 947 1758 millium
958 1705 1129 1761 denariorum

83 1784 194 1837 etntvia
210 1786 332 1839 Plautilla
355 1789 423 1855 Aug.
443 1785 573 1838 Antonini
615 1798 810 1855 argenteorum.
820 1783 945 1857 EJuadenr
956 1805 1060 1858 geuene
1070 1788 1130 1859 ely

82 1855 156 1915 Severi
177 1863 244 1936 Aug.
265 1867 384 1937 coujux;
407 1877 435 1917 et
460 1865 573 1934 Auguati
615 1881 679 1934 peoe
696 1863 758 1916 virle
749 1883 789 1917 re
807 1875 846 1918 eet
866 1865 952 1935 pictor
968 1867 995 1918 in
1015 1885 1129 1923 nummo

82 1939 215 1996 tofane
216 1936 573 2010 ,Fulviualulianuietua,
615 1943 744 1996 Antonini
771 1943 811 1996 Pii
838 1962 870 1996 ex
895 1963 946 1997 ure
972 1963 1071 2017 magno
1099 1946 1128 2001 in

83 2032 104 2072 et
120 2021 217 2076 Fulcitu
236 2023 327 2077 Juliua
349 2023 510 2076 Maurienna.
529 2023 574 2076 Sic
616 2024 688 2077 Gaza
712 2023 811 2093 Regia,
833 2035 860 2076 et
883 2021 953 2094 apud
976 2023 1129 2096 Angelum,

83 2100 140 2154 erin
151 2100 216 2154 ille'
208 2121 235 2155 ιιι
249 2121 366 2158 nummo
380 2121 467 2174 greco
479 2103 575 2156 inacm'·
615 2121 676 2174 pag.
696 2119 760 2172 171,
773 2121 805 2154 ex
819 2121 870 2155 are
884 2102 1033 2156 mediocri
1026 2123 1053 2157 ιιι
1069 2105 1130 2158 Mu·

82 2179 150 2242 litor,
166 2181 208 2252 qui
226 2195 266 2236 eat
285 2181 362 2254 apud
375 2184 411 2234 Ι).
424 2201 463 2236 na
477 2183 549 2236 Boaa
565 2199 573 2234 ε
616 2200 661 2234 aeo
675 2193 777 2236 nostro.
789 2181 885 2253 clypei
895 2181 951 2235 duo
961 2196 1023 2236 cunt
1032 2184 1145 2255 inrigui-

84 2264 235 2315 amaon.
246 2269 312 2316 101.
325 2261 510 2316 KYHTOCC
520 2262 575 2315 hoc
617 2274 672 2314 arte
687 2261 824 2315 elaborati.
841 2261 951 2315 HincS.
964 2261 1073 2319 iudeC.
1084 2265 1129 2318 Se·

83 2350 122 2402 tat,
135 2337 244 2403 Σιὸιςός.
258 2343 331 2408 late,
343 2347 414 2395 ΑΠ’.
426 2349 456 2394 Φ.
476 2347 575 2397 total.
617 2341 804 2392 mammolo
827 2341 899 2393 Intra
923 2357 1043 2395 ιιιοιιιι.
1067 2343 1130 2397 Haeo

84 2421 271 2476 nutritoe.
281 2428 312 2475 tt.
325 2423 400 2475 CEB.
410 2419 575 2483 Elaassaeza·
617 2419 883 2480 eaaeumacoeleetr'm
899 2419 1030 2474 aiveutelo
1043 2423 1130 2494 lapsa,

85 2493 173 2567 θητὸς,
183 2502 320 2573 PiurAug.
338 2502 431 2555 Haau.
618 2516 711 2570 magna
731 2500 898 2555 fabulositate
919 2500 1026 2573 quidam
1047 2504 1131 2556 linxe-

116 2596 152 2632 to.
172 2581 262 2635 reeta
278 2582 407 2675 ‘Capitolia'
429 2581 572 2651 redemptor.
617 2592 689 2632 runt.
700 2578 976 2635 lliacerteuonauut.
987 2582 1132 2655 Numquid

84 2656 126 2723 Qui
138 2672 205 2713 certo
216 2662 306 2732 pretio
324 2661 451 2733 Capitolii
465 2662 573 2714 tutelam
617 2658 651 2712 ad
664 2659 831 2711 Antoninum
843 2677 915 2712 arma
927 2661 1038 2717 caelestia
1050 2663 1133 2734 perti·

83 2753 222 2808 mpuat,
231 2739 344 2795 utillud
353 2754 452 2795 aartum
464 2752 574 2805 tectum,
613 2730 701 2791 nent?
720 2738 854 2792 Sententia
875 2739 919 2792 hic
933 2738 1002 2793 latet
1020 2740 1131 2795 totidem

83 2830 247 2891 integrumque
257 2832 391 2874 tueretur
401 2819 460 2872 utv.
470 2820 575 2887 xm,
617 2835 731 2880 vocum,
750 2831 816 2889 quot
834 2830 895 2871 aunt
911 2818 1030 2873 litterae:
1049 2825 1132 2875 ··Au

84 2898 210 2965 pria:
221 2900 314 2966 Quum
328 2918 452 2953 oenaorea
467 2900 575 2952 obino·
617 2914 696 2967 gorea
704 2896 1132 2971 NarboneneeaClypeoelncignee

84 2975 139 3044 ρὶιιιι
158 2978 239 3031 erarii
263 2998 292 3031 ae
317 2980 375 3050 ιἰιιι
398 2978 576 3033 loeatiouibua
617 2978 784 3045 Legaverunt
792 2976 952 3047 Imperatori
961 2978 1129 3034 Antonino..

82 3054 220 3111 abstinerem
233 3057 333 3112 odium
347 3076 481 3113 ramnum
498 3070 575 3111 tuen·
618 3056 660 3108 De
670 3054 823 3126 hujusmodl
841 3056 941 3127 clypeis
954 3056 1072 3113 dicemur
1084 3058 1132 3113 ad·

83 3131 172 3200 ιιιιιιιι,
183 3150 258 3191 etc.·
272 3136 368 3192 Ηιιιι.
617 3135 803 3188 huciuferiua
815 3134 903 3189 Haau.

118 3232 155 3268 ιι.
172 3216 298 3271 Dorum.
321 3216 463 3271 Senatorea
481 3214 575 3269 admo·
658 3216 695 3267 V.
713 3232 737 3267 1.
762 3214 846 3269 Gracc*
861 3226 940 3269 atatem
961 3216 1007 3269 etti
1019 3216 1131 3290 Sr'eyone.

83 3296 155 3347 uaear't
158 3296 517 3369 Melypeoaargenteoaecae
529 3296 575 3368 qui
618 3290 693 3347 Idem
705 3294 807 3346 Pliniua
820 3293 947 3363 inferior,
961 3314 1020 3367 cap.
1037 3304 1082 3363 ιο,
1096 3295 1131 3353 de

83 3374 133 3425 arei
150 3374 281 3430 dumtaxat
303 3394 320 3429 a
341 3376 509 3441 oenaorilrua,
529 3374 576 3447 qui
617 3375 721 3446 pictore
743 3373 863 3427 Petraia·
855 3414 862 3427 .
882 3398 894 3422 ι
914 3373 1029 3445 Sicyone
1045 3389 1073 3430 et
1088 3378 1132 3433 hic

84 3450 148 3505 laeua
160 3456 303 3520 iaciebant,
318 3456 523 3508 aetimabuntur.
541 3454 575 3507 Η.
618 3454 699 3506 vitam
712 3453 766 3524 egit
779 3474 785 3504 ι
801 3451 902 3525 diuque
918 3452 971 3507 tuit
985 3454 1031 3509 illa
1047 3458 1133 3529 putria

117 3531 576 3606 aaArgeateosAEnitpretereaaliud
618 3533 737 3605 pictura.
754 3557 765 3578 ·
781 3532 874 3585 Hanu-

83 3608 219 3682 tlypecrurn
235 3632 341 3686 genua,
358 3612 432 3685 quod
448 3613 576 3667 nimirum
662 3630 689 3666 a.
707 3610 806 3664 omres.
819 3611 919 3665 Omnea
932 3610 1007 3667 initia
1018 3614 1132 3684 pictura

85 3693 577 3765 mucialoeomittebaturl‘riucipibue
620 3692 648 3744 in
663 3693 715 3745 hoe
725 3688 811 3762 posita
821 3708 876 3745 eace
888 3691 978 3756 aiunt,
994 3705 1024 3746 ut
1038 3689 1134 3749 umbra

85 3768 118 3820 tel
138 3774 261 3844 augustia
287 3771 429 3844 Ejusmodi
454 3773 499 3825 ille
526 3772 578 3825 fuir
621 3770 753 3831 hominia,
769 3783 815 3824 aut
826 3770 933 3823 alteriue
945 3771 1067 3827 similiter
1076 3774 1134 3843 rei,

88 3864 325 3924 nuamamagnua.
340 3850 433 3923 pondo
445 3853 578 3905 minarum
621 3850 698 3904 lineia
726 3848 913 3903 tantummodo
941 3848 1135 3908 describeretur

85 3926 169 3993 aitte,-
180 3950 258 4003 quem
265 3933 362 3986 Simon
374 3928 452 3984 toda
461 3932 583 3985 Maoulra·
622 3930 679 3985 aine
693 3929 749 3981 ullo
759 3928 849 3981 colore
863 3928 950 3983 :idem
964 3930 1047 3983 feram
1056 3932 1135 3988 trudit

87 4003 127 4058 hai
144 4010 218 4064 irater
233 4012 339 4083 populo
359 4028 472 4064 romano
493 4010 580 4075 mitit,
623 4010 804 4079 Athenagorae
821 4008 849 4060 in
871 4008 948 4080 legat.
968 4028 1018 4079 pro
1036 4012 1135 4066 Christ.

89 4108 100 4129 ¹
110 4084 138 4139 “l
152 4090 316 4147 mumdum
334 4108 399 4145 oum
415 4090 453 4145 eia
469 4092 580 4145 wcieta·
622 4101 814 4159 auctoremque
826 4088 883 4159 ejue
893 4088 1004 4160 pletura
1015 4090 1135 4145 Sauriam
