<?xml version="1.0" encoding="UTF-8"?>
<!DOCTYPE html PUBLIC "-//W3C//DTD XHTML 1.0 Transitional//EN"
    "http://www.w3.org/TR/xhtml1/DTD/xhtml1-transitional.dtd">
<html xmlns="http://www.w3.org/1999/xhtml" xml:lang="en" lang="en">
 <head>
  <title>
</title>
<meta http-equiv="Content-Type" content="text/html;charset=utf-8" />
  <meta name='ocr-system' content='tesseract 3.04.00' />
  <meta name='ocr-capabilities' content='ocr_page ocr_carea ocr_par ocr_line ocrx_word'/>
</head>
<body>
  <div class='ocr_page' id='page_1' title='image "./caiipliniisecun01plingoog_0507.png"; bbox 0 0 2950 5000; ppageno 0'>
   <div class='ocr_carea' id='block_1_1' title="bbox 318 449 1112 552">
    <p class='ocr_par' dir='ltr' id='par_1_1' title="bbox 318 449 1112 552">
     <span class='ocr_line' id='line_1_1' title="bbox 318 449 1112 552; baseline -0.011 -26"><span class='ocrx_word' id='word_1_1' title='bbox 318 459 387 552; x_wconf 69' lang='lat'>492</span> <span class='ocrx_word' id='word_1_2' title='bbox 593 455 633 523; x_wconf 86' lang='lat' dir='ltr'>c.</span> <span class='ocrx_word' id='word_1_3' title='bbox 657 450 824 521; x_wconf 79' lang='lat' dir='ltr'>rtruu</span> <span class='ocrx_word' id='word_1_4' title='bbox 851 449 957 518; x_wconf 78' lang='lat' dir='ltr'>usn.</span> <span class='ocrx_word' id='word_1_5' title='bbox 983 450 1112 520; x_wconf 82' lang='lat' dir='ltr'>u1sr.</span> 
     </span>
    </p>
   </div>
   <div class='ocr_carea' id='block_1_2' title="bbox 282 582 1368 1532">
    <p class='ocr_par' dir='ltr' id='par_1_2' title="bbox 282 582 1368 1532">
     <span class='ocr_line' id='line_1_2' title="bbox 315 582 1365 679; baseline -0.007 -21"><span class='ocrx_word' id='word_1_6' title='bbox 315 590 481 675; x_wconf 88' lang='lat' dir='ltr'>videmus,</span> <span class='ocrx_word' id='word_1_7' title='bbox 492 587 610 660; x_wconf 81' lang='lat' dir='ltr'>brevi“</span> <span class='ocrx_word' id='word_1_8' title='bbox 621 587 739 656; x_wconf 81' lang='lat' dir='ltr'>lacinia</span> <span class='ocrx_word' id='word_1_9' title='bbox 759 583 861 654; x_wconf 86' lang='lat' dir='ltr'>rnillia</span> <span class='ocrx_word' id='word_1_10' title='bbox 877 609 1032 679; x_wconf 75' lang='lat' dir='ltr'>passuum</span> <span class='ocrx_word' id='word_1_11' title='bbox 1048 583 1147 679; x_wconf 81' lang='lat' dir='ltr'>plura</span> <span class='ocrx_word' id='word_1_12' title='bbox 1159 582 1365 653; x_wconf 81' lang='lat' dir='ltr'>ambulationis</span> 
     </span>
     <span class='ocr_line' id='line_1_3' title="bbox 314 688 1364 780; baseline -0.007 -15"><span class='ocrx_word' id='word_1_13' title='bbox 314 698 558 780; x_wconf 88' lang='lat' dir='ltr'>continentem,</span> <span class='ocrx_word' id='word_1_14' title='bbox 578 693 635 763; x_wconf 88' lang='lat' dir='ltr'>scd</span> <span class='ocrx_word' id='word_1_15' title='bbox 654 693 779 762; x_wconf 85' lang='lat' dir='ltr'>crebris</span> <span class='ocrx_word' id='word_1_16' title='bbox 798 691 926 760; x_wconf 88' lang='lat' dir='ltr'>foribus</span> <span class='ocrx_word' id='word_1_17' title='bbox 939 690 1062 778; x_wconf 87' lang='lat' dir='ltr'>inditis,</span> <span class='ocrx_word' id='word_1_18' title='bbox 1083 690 1128 759; x_wconf 89' lang='lat' dir='ltr'>ad</span> <span class='ocrx_word' id='word_1_19' title='bbox 1149 688 1302 759; x_wconf 83' lang='lat' dir='ltr'>fallendos</span> <span class='ocrx_word' id='word_1_20' title='bbox 1319 712 1364 758; x_wconf 86' lang='lat' dir='ltr'>oe·</span> 
     </span>
     <span class='ocr_line' id='line_1_4' title="bbox 314 793 1365 894; baseline -0.009 -23"><span class='ocrx_word' id='word_1_21' title='bbox 314 826 447 885; x_wconf 86' lang='lat' dir='ltr'>cursus,</span> <span class='ocrx_word' id='word_1_22' title='bbox 467 800 740 894; x_wconf 87' lang='lat' dir='ltr'>redeundumque</span> <span class='ocrx_word' id='word_1_23' title='bbox 761 800 794 866; x_wconf 92' lang='lat' dir='ltr'>in</span> <span class='ocrx_word' id='word_1_24' title='bbox 812 821 940 866; x_wconf 87' lang='lat' dir='ltr'>errores</span> <span class='ocrx_word' id='word_1_25' title='bbox 964 796 1109 866; x_wconf 84' lang='lat' dir='ltr'>eosdem.</span> <span class='ocrx_word' id='word_1_26' title='bbox 1137 794 1303 864; x_wconf 81' lang='lat' dir='ltr'><strong>Secundus</strong></span> <span class='ocrx_word' id='word_1_27' title='bbox 1322 793 1365 862; x_wconf 90' lang='lat' dir='ltr'>bic</span> 
     </span>
     <span class='ocr_line' id='line_1_5' title="bbox 314 896 1366 1001; baseline -0.01 -24"><span class='ocrx_word' id='word_1_28' title='bbox 314 896 433 978; x_wconf 43' lang='lat' dir='ltr'>fuit‘ub</span> <span class='ocrx_word' id='word_1_29' title='bbox 443 909 598 1001; x_wconf 81' lang='lat' dir='ltr'>AEgyptio</span> <span class='ocrx_word' id='word_1_30' title='bbox 613 904 843 1000; x_wconf 82' lang='lat' dir='ltr'>labyrinthus:</span> <span class='ocrx_word' id='word_1_31' title='bbox 861 904 976 973; x_wconf 90' lang='lat' dir='ltr'>tertius</span> <span class='ocrx_word' id='word_1_32' title='bbox 989 905 1023 970; x_wconf 92' lang='lat' dir='ltr'>in</span> <span class='ocrx_word' id='word_1_33' title='bbox 1034 906 1182 971; x_wconf 84' lang='lat' dir='ltr'><strong>Lemno:</strong></span> <span class='ocrx_word' id='word_1_34' title='bbox 1199 900 1366 996; x_wconf 81' lang='lat' dir='ltr'>quartusin</span> 
     </span>
     <span class='ocr_line' id='line_1_6' title="bbox 282 999 1367 1109; baseline -0.006 -28"><span class='ocrx_word' id='word_1_35' title='bbox 282 1014 420 1083; x_wconf 75' lang='lat' dir='ltr'>oltnlin.</span> <span class='ocrx_word' id='word_1_36' title='bbox 444 1015 572 1082; x_wconf 83' lang='lat' dir='ltr'>Omnes</span> <span class='ocrx_word' id='word_1_37' title='bbox 596 1011 704 1109; x_wconf 85' lang='lat' dir='ltr'>lapide</span> <span class='ocrx_word' id='word_1_38' title='bbox 722 999 830 1105; x_wconf 91' lang='lat' dir='ltr'>polito</span> <span class='ocrx_word' id='word_1_39' title='bbox 850 1009 1031 1079; x_wconf 77' lang='lat' dir='ltr'>fornicibus</span> <span class='ocrx_word' id='word_1_40' title='bbox 1051 1010 1153 1080; x_wconf 87' lang='lat' dir='ltr'>tecti:</span> <span class='ocrx_word' id='word_1_41' title='bbox 1280 1001 1367 1089; x_wconf 84' lang='lat' dir='ltr'>tius¹’,</span> 
     </span>
     <span class='ocr_line' id='line_1_7' title="bbox 315 1109 1367 1215; baseline -0.01 -26"><span class='ocrx_word' id='word_1_42' title='bbox 315 1119 406 1215; x_wconf 92' lang='lat' dir='ltr'>quod</span> <span class='ocrx_word' id='word_1_43' title='bbox 436 1121 539 1188; x_wconf 86' lang='lat' dir='ltr'>miror</span> <span class='ocrx_word' id='word_1_44' title='bbox 568 1117 739 1213; x_wconf 58' lang='lat' dir='ltr'>equidem</span> <span class='ocrx_word' id='word_1_45' title='bbox 767 1117 905 1185; x_wconf 90' lang='lat' dir='ltr'>introitu</span> <span class='ocrx_word' id='word_1_46' title='bbox 934 1113 1044 1210; x_wconf 86' lang='lat' dir='ltr'>lupide</span> <span class='ocrx_word' id='word_1_47' title='bbox 1073 1113 1228 1184; x_wconf 83' lang='lat' dir='ltr'>ePnrio¹</span> <span class='ocrx_word' id='word_1_48' title='bbox 1263 1109 1367 1183; x_wconf 86' lang='lat' dir='ltr'>:colu-</span> 
     </span>
     <span class='ocr_line' id='line_1_8' title="bbox 315 1214 1368 1319; baseline -0.01 -23"><span class='ocrx_word' id='word_1_49' title='bbox 315 1228 401 1296; x_wconf 88' lang='lat' dir='ltr'>mnis</span> <span class='ocrx_word' id='word_1_50' title='bbox 420 1223 571 1319; x_wconf 84' lang='lat' dir='ltr'>reliquis,</span> <span class='ocrx_word' id='word_1_51' title='bbox 585 1249 604 1293; x_wconf 89' lang='lat' dir='ltr'>e</span> <span class='ocrx_word' id='word_1_52' title='bbox 620 1227 753 1319; x_wconf 83' lang='lat' dir='ltr'>Syenite</span> <span class='ocrx_word' id='word_1_53' title='bbox 770 1247 778 1292; x_wconf 75' lang='grc' dir='ltr'><strong><em>ε</em></strong></span> <span class='ocrx_word' id='word_1_54' title='bbox 799 1218 941 1291; x_wconf 89' lang='lat' dir='ltr'>molibus</span> <span class='ocrx_word' id='word_1_55' title='bbox 952 1223 1163 1316; x_wconf 86' lang='lat' dir='ltr'>compositis,</span> <span class='ocrx_word' id='word_1_56' title='bbox 1176 1244 1257 1315; x_wconf 82' lang='lat' dir='ltr'>quas</span> <span class='ocrx_word' id='word_1_57' title='bbox 1272 1214 1368 1288; x_wconf 88' lang='lat' dir='ltr'>dissol-</span> 
     </span>
     <span class='ocr_line' id='line_1_9' title="bbox 315 1324 1367 1425; baseline -0.008 -24"><span class='ocrx_word' id='word_1_58' title='bbox 315 1357 394 1402; x_wconf 87' lang='lat' dir='ltr'>vere</span> <span class='ocrx_word' id='word_1_59' title='bbox 412 1357 455 1400; x_wconf 87' lang='lat' dir='ltr'>ne</span> <span class='ocrx_word' id='word_1_60' title='bbox 472 1329 591 1402; x_wconf 79' lang='lat' dir='ltr'>saecula</span> <span class='ocrx_word' id='word_1_61' title='bbox 609 1331 743 1425; x_wconf 88' lang='lat' dir='ltr'>quidem</span> <span class='ocrx_word' id='word_1_62' title='bbox 756 1329 903 1424; x_wconf 84' lang='lat' dir='ltr'>possint3</span> <span class='ocrx_word' id='word_1_63' title='bbox 917 1327 1153 1422; x_wconf 80' lang='lat' dir='ltr'>adjuvantibus</span> <span class='ocrx_word' id='word_1_64' title='bbox 1164 1324 1367 1417; x_wconf 83' lang='lat' dir='ltr'>Heiacleopo·</span> 
     </span>
     <span class='ocr_line' id='line_1_10' title="bbox 315 1421 1368 1532; baseline -0.009 -25"><span class='ocrx_word' id='word_1_65' title='bbox 315 1437 397 1526; x_wconf 89' lang='lat' dir='ltr'>litis,</span> <span class='ocrx_word' id='word_1_66' title='bbox 417 1439 473 1532; x_wconf 91' lang='lat' dir='ltr'>qui</span> <span class='ocrx_word' id='word_1_67' title='bbox 495 1437 528 1507; x_wconf 91' lang='lat' dir='ltr'>id</span> <span class='ocrx_word' id='word_1_68' title='bbox 549 1461 634 1531; x_wconf 88' lang='lat' dir='ltr'>opus</span> <span class='ocrx_word' id='word_1_69' title='bbox 651 1437 794 1505; x_wconf 88' lang='lat' dir='ltr'>invisum</span> <span class='ocrx_word' id='word_1_70' title='bbox 803 1421 828 1466; x_wconf 84' lang='lat'>¹⁴</span> <span class='ocrx_word' id='word_1_71' title='bbox 851 1435 934 1502; x_wconf 89' lang='lat' dir='ltr'>mire</span> <span class='ocrx_word' id='word_1_72' title='bbox 956 1434 1167 1503; x_wconf 81' lang='lat' dir='ltr'>infestavere.</span> <span class='ocrx_word' id='word_1_73' title='bbox 1187 1433 1368 1502; x_wconf 87' lang='lat' dir='ltr'>Positionern</span> 
     </span>
    </p>
   </div>
   <div class='ocr_carea' id='block_1_3' title="bbox 315 1529 1370 1745">
    <p class='ocr_par' dir='ltr' id='par_1_3' title="bbox 315 1529 1370 1745">
     <span class='ocr_line' id='line_1_11' title="bbox 315 1529 1368 1671; baseline -0.009 -57"><span class='ocrx_word' id='word_1_74' title='bbox 315 1546 425 1639; x_wconf 88' lang='lat' dir='ltr'>operis</span> <span class='ocrx_word' id='word_1_75' title='bbox 442 1529 548 1637; x_wconf 81' lang='lat' dir='ltr'>ejus¹⁵</span> <span class='ocrx_word' id='word_1_76' title='bbox 566 1541 776 1637; x_wconf 84' lang='lat' dir='ltr'>singulosque</span> <span class='ocrx_word' id='word_1_77' title='bbox 798 1554 909 1671; x_wconf 81' lang='lat' dir='ltr'>portes</span> <span class='ocrx_word' id='word_1_78' title='bbox 930 1561 1085 1608; x_wconf 79' lang='lat' dir='ltr'>enarrare</span> <span class='ocrx_word' id='word_1_79' title='bbox 1105 1563 1176 1608; x_wconf 90' lang='lat' dir='ltr'>non</span> <span class='ocrx_word' id='word_1_80' title='bbox 1197 1552 1268 1622; x_wconf 85' lang='lat' dir='ltr'>est,</span> <span class='ocrx_word' id='word_1_81' title='bbox 1284 1559 1368 1631; x_wconf 85' lang='lat' dir='ltr'>quum</span> 
     </span>
     <span class='ocr_line' id='line_1_12' title="bbox 316 1644 1370 1745; baseline -0.007 -25"><span class='ocrx_word' id='word_1_82' title='bbox 316 1653 358 1721; x_wconf 88' lang='lat' dir='ltr'>slt</span> <span class='ocrx_word' id='word_1_83' title='bbox 389 1653 424 1720; x_wconf 92' lang='lat' dir='ltr'>in</span> <span class='ocrx_word' id='word_1_84' title='bbox 450 1652 603 1745; x_wconf 79' lang='lat' dir='ltr'>regiones</span> <span class='ocrx_word' id='word_1_85' title='bbox 631 1645 828 1732; x_wconf 86' lang='lat' dir='ltr'>divisum¹‚</span> <span class='ocrx_word' id='word_1_86' title='bbox 859 1659 958 1738; x_wconf 84' lang='lat' dir='ltr'>utque</span> <span class='ocrx_word' id='word_1_87' title='bbox 984 1647 1019 1714; x_wconf 90' lang='lat' dir='ltr'>in</span> <span class='ocrx_word' id='word_1_88' title='bbox 1041 1644 1283 1740; x_wconf 78' lang='lat' dir='ltr'>praeleeturas,</span> <span class='ocrx_word' id='word_1_89' title='bbox 1302 1664 1370 1738; x_wconf 75' lang='lat' dir='ltr'>quat</span> 
     </span>
    </p>
   </div>
   <div class='ocr_carea' id='block_1_4' title="bbox 203 1863 1437 4173">
    <p class='ocr_par' dir='ltr' id='par_1_4' title="bbox 203 1863 1437 4173">
     <span class='ocr_line' id='line_1_13' title="bbox 317 1863 1368 1939; baseline 0 -16"><span class='ocrx_word' id='word_1_90' title='bbox 317 1869 418 1924; x_wconf 77' lang='lat' dir='ltr'>humili</span> <span class='ocrx_word' id='word_1_91' title='bbox 427 1870 501 1923; x_wconf 86' lang='lat' dir='ltr'>buxo</span> <span class='ocrx_word' id='word_1_92' title='bbox 518 1870 561 1923; x_wconf 79' lang='lat' dir='ltr'>vel</span> <span class='ocrx_word' id='word_1_93' title='bbox 574 1869 658 1922; x_wconf 87' lang='lat' dir='ltr'>herba</span> <span class='ocrx_word' id='word_1_94' title='bbox 671 1867 832 1939; x_wconf 70' lang='lat' dir='ltr'>procinctos</span> <span class='ocrx_word' id='word_1_95' title='bbox 875 1863 942 1918; x_wconf 87' lang='lat' dir='ltr'>libb.</span> <span class='ocrx_word' id='word_1_96' title='bbox 955 1890 966 1913; x_wconf 81' lang='grc' dir='ltr'>ι</span> <span class='ocrx_word' id='word_1_97' title='bbox 977 1865 1024 1937; x_wconf 82' lang='lat' dir='ltr'>qui</span> <span class='ocrx_word' id='word_1_98' title='bbox 1039 1864 1067 1920; x_wconf 92' lang='lat' dir='ltr'>id</span> <span class='ocrx_word' id='word_1_99' title='bbox 1079 1886 1148 1939; x_wconf 84' lang='lat' dir='ltr'>opus</span> <span class='ocrx_word' id='word_1_100' title='bbox 1158 1869 1186 1922; x_wconf 92' lang='lat' dir='ltr'>in</span> <span class='ocrx_word' id='word_1_101' title='bbox 1199 1889 1259 1929; x_wconf 77' lang='lat' dir='ltr'>ussi.</span> <span class='ocrx_word' id='word_1_102' title='bbox 1270 1902 1282 1924; x_wconf 75' lang='grc' dir='ltr'>ι</span> <span class='ocrx_word' id='word_1_103' title='bbox 1294 1875 1368 1928; x_wconf 70' lang='lat' dir='ltr'>Han.</span> 
     </span>
     <span class='ocr_line' id='line_1_14' title="bbox 317 1939 1371 2024; baseline 0.004 -21"><span class='ocrx_word' id='word_1_104' title='bbox 317 1948 438 2014; x_wconf 89' lang='lat' dir='ltr'>(Plinius</span> <span class='ocrx_word' id='word_1_105' title='bbox 444 1949 566 2003; x_wconf 77' lang='lat' dir='ltr'>laciniam</span> <span class='ocrx_word' id='word_1_106' title='bbox 574 1939 669 2016; x_wconf 76' lang='lat' dir='ltr'>vocat)</span> <span class='ocrx_word' id='word_1_107' title='bbox 683 1947 833 2018; x_wconf 86' lang='lat' dir='ltr'>millispas·</span> <span class='ocrx_word' id='word_1_108' title='bbox 919 1946 963 1998; x_wconf 81' lang='lat'>15.</span> <span class='ocrx_word' id='word_1_109' title='bbox 976 1946 1371 2024; x_wconf 69' lang='lat' dir='ltr'>Posits&#39;onemoperiaejasAElegan·</span> 
     </span>
     <span class='ocr_line' id='line_1_15' title="bbox 316 2025 1368 2102; baseline 0.001 -18"><span class='ocrx_word' id='word_1_110' title='bbox 316 2049 394 2084; x_wconf 85' lang='lat' dir='ltr'>suurn</span> <span class='ocrx_word' id='word_1_111' title='bbox 404 2030 482 2100; x_wconf 88' lang='lat' dir='ltr'>plura</span> <span class='ocrx_word' id='word_1_112' title='bbox 496 2029 685 2082; x_wconf 82' lang='lat' dir='ltr'>conficiuntur.</span> <span class='ocrx_word' id='word_1_113' title='bbox 697 2028 792 2081; x_wconf 82' lang='lat' dir='ltr'>Hanu.</span> <span class='ocrx_word' id='word_1_114' title='bbox 875 2035 917 2078; x_wconf 85' lang='lat' dir='ltr'>ter</span> <span class='ocrx_word' id='word_1_115' title='bbox 930 2043 944 2077; x_wconf 88' lang='lat' dir='ltr'>a</span> <span class='ocrx_word' id='word_1_116' title='bbox 958 2026 1030 2079; x_wconf 81' lang='lat' dir='ltr'>Mela</span> <span class='ocrx_word' id='word_1_117' title='bbox 1042 2025 1221 2092; x_wconf 80' lang='lat' dir='ltr'>describitur.</span> <span class='ocrx_word' id='word_1_118' title='bbox 1231 2033 1276 2088; x_wconf 92' lang='lat' dir='ltr'>lib.</span> <span class='ocrx_word' id='word_1_119' title='bbox 1289 2037 1368 2102; x_wconf 56' lang='lat' dir='ltr'>Imp</span> 
     </span>
     <span class='ocr_line' id='line_1_16' title="bbox 360 2107 1370 2183; baseline -0.002 -20"><span class='ocrx_word' id='word_1_120' title='bbox 360 2128 405 2163; x_wconf 86' lang='lat' dir='ltr'>rr.</span> <span class='ocrx_word' id='word_1_121' title='bbox 417 2109 498 2162; x_wconf 73' lang='lat' dir='ltr'>Brevi.</span> <span class='ocrx_word' id='word_1_122' title='bbox 511 2107 613 2161; x_wconf 79' lang='lat' dir='ltr'>linnnili</span> <span class='ocrx_word' id='word_1_123' title='bbox 629 2109 711 2160; x_wconf 85' lang='lat' dir='ltr'>instar</span> <span class='ocrx_word' id='word_1_124' title='bbox 719 2107 832 2174; x_wconf 69' lang='lat' dir='ltr'>lacinia,</span> <span class='ocrx_word' id='word_1_125' title='bbox 877 2122 910 2173; x_wconf 87' lang='lat'>9,</span> <span class='ocrx_word' id='word_1_126' title='bbox 923 2123 984 2176; x_wconf 73' lang='lat' dir='ltr'>pop.</span> <span class='ocrx_word' id='word_1_127' title='bbox 1009 2108 1043 2161; x_wconf 78' lang='lat'>13</span> <span class='ocrx_word' id='word_1_128' title='bbox 1059 2124 1067 2159; x_wconf 76' lang='grc' dir='ltr'><strong><em>ε</em></strong></span> <span class='ocrx_word' id='word_1_129' title='bbox 1091 2133 1103 2154; x_wconf 84' lang='grc' dir='ltr'>ι</span> <span class='ocrx_word' id='word_1_130' title='bbox 1117 2108 1300 2168; x_wconf 68' lang='grc' dir='ltr'>Ρμωιικιίὼί</span> <span class='ocrx_word' id='word_1_131' title='bbox 1314 2128 1370 2183; x_wconf 86' lang='lat' dir='ltr'>opas</span> 
     </span>
     <span class='ocr_line' id='line_1_17' title="bbox 317 2183 1370 2255; baseline -0.001 -13"><span class='ocrx_word' id='word_1_132' title='bbox 317 2189 389 2242; x_wconf 78' lang='lat' dir='ltr'>buxo</span> <span class='ocrx_word' id='word_1_133' title='bbox 403 2189 444 2241; x_wconf 87' lang='lat' dir='ltr'>vel</span> <span class='ocrx_word' id='word_1_134' title='bbox 455 2189 549 2242; x_wconf 85' lang='lat' dir='ltr'>herba.</span> <span class='ocrx_word' id='word_1_135' title='bbox 564 2189 655 2242; x_wconf 79' lang='lat' dir='ltr'>lisso.</span> <span class='ocrx_word' id='word_1_136' title='bbox 874 2183 1062 2255; x_wconf 76' lang='lat' dir='ltr'>labyrinthus,</span> <span class='ocrx_word' id='word_1_137' title='bbox 1080 2185 1180 2242; x_wconf 86' lang='lat' dir='ltr'>domos</span> <span class='ocrx_word' id='word_1_138' title='bbox 1196 2203 1238 2244; x_wconf 89' lang='lat' dir='ltr'>ter</span> <span class='ocrx_word' id='word_1_139' title='bbox 1251 2193 1335 2254; x_wconf 81' lang='lat' dir='ltr'>mille,</span> <span class='ocrx_word' id='word_1_140' title='bbox 1349 2201 1370 2241; x_wconf 90' lang='lat' dir='ltr'>et</span> 
     </span>
     <span class='ocr_line' id='line_1_18' title="bbox 360 2263 1371 2344; baseline 0.004 -23"><span class='ocrx_word' id='word_1_141' title='bbox 360 2286 406 2322; x_wconf 82' lang='lat' dir='ltr'>ra.</span> <span class='ocrx_word' id='word_1_142' title='bbox 421 2269 567 2341; x_wconf 69' lang='lat' dir='ltr'>AEgyptius.</span> <span class='ocrx_word' id='word_1_143' title='bbox 577 2266 712 2320; x_wconf 86' lang='lat' dir='ltr'>Diodorus</span> <span class='ocrx_word' id='word_1_144' title='bbox 722 2268 832 2339; x_wconf 84' lang='lat' dir='ltr'>quidem</span> <span class='ocrx_word' id='word_1_145' title='bbox 874 2264 961 2336; x_wconf 68' lang='lat' dir='ltr'>regias</span> <span class='ocrx_word' id='word_1_146' title='bbox 968 2263 1128 2332; x_wconf 78' lang='lat' dir='ltr'>duodecim,</span> <span class='ocrx_word' id='word_1_147' title='bbox 1141 2283 1274 2341; x_wconf 84' lang='lat' dir='ltr'>perpetuo</span> <span class='ocrx_word' id='word_1_148' title='bbox 1282 2269 1371 2344; x_wconf 73' lang='lat' dir='ltr'>parietis</span> 
     </span>
     <span class='ocr_line' id='line_1_19' title="bbox 316 2345 1370 2418; baseline 0.004 -19"><span class='ocrx_word' id='word_1_149' title='bbox 316 2346 528 2418; x_wconf 73' lang='lat' dir='ltr'>ingredientibus</span> <span class='ocrx_word' id='word_1_150' title='bbox 540 2347 611 2401; x_wconf 89' lang='lat' dir='ltr'>illius</span> <span class='ocrx_word' id='word_1_151' title='bbox 620 2347 736 2418; x_wconf 79' lang='lat' dir='ltr'>sepulcri</span> <span class='ocrx_word' id='word_1_152' title='bbox 748 2348 833 2400; x_wconf 84' lang='lat' dir='ltr'>ambi·</span> <span class='ocrx_word' id='word_1_153' title='bbox 874 2345 977 2397; x_wconf 85' lang='lat' dir='ltr'>ambitu</span> <span class='ocrx_word' id='word_1_154' title='bbox 990 2347 1136 2416; x_wconf 71' lang='lat' dir='ltr'>conplexus,</span> <span class='ocrx_word' id='word_1_155' title='bbox 1148 2367 1281 2405; x_wconf 84' lang='lat' dir='ltr'>marmore</span> <span class='ocrx_word' id='word_1_156' title='bbox 1289 2363 1370 2404; x_wconf 75' lang='lat' dir='ltr'>casuu-</span> 
     </span>
     <span class='ocr_line' id='line_1_20' title="bbox 203 2424 1370 2499; baseline 0.004 -19"><span class='ocrx_word' id='word_1_157' title='bbox 203 2489 210 2499; x_wconf 18' lang='grc' dir='ltr'>φ</span> <span class='ocrx_word' id='word_1_158' title='bbox 316 2440 385 2490; x_wconf 89' lang='lat' dir='ltr'>tum,</span> <span class='ocrx_word' id='word_1_159' title='bbox 395 2427 507 2481; x_wconf 81' lang='lat' dir='ltr'>domurn</span> <span class='ocrx_word' id='word_1_160' title='bbox 519 2428 665 2480; x_wconf 84' lang='lat' dir='ltr'>occurrisse</span> <span class='ocrx_word' id='word_1_161' title='bbox 674 2424 770 2492; x_wconf 84' lang='lat' dir='ltr'>tradit,</span> <span class='ocrx_word' id='word_1_162' title='bbox 784 2446 832 2482; x_wconf 90' lang='lat' dir='ltr'>co·</span> <span class='ocrx_word' id='word_1_163' title='bbox 874 2436 933 2478; x_wconf 82' lang='lat' dir='ltr'>ctus</span> <span class='ocrx_word' id='word_1_164' title='bbox 946 2441 978 2478; x_wconf 91' lang='lat' dir='ltr'>ac</span> <span class='ocrx_word' id='word_1_165' title='bbox 992 2437 1093 2488; x_wconf 86' lang='lat' dir='ltr'>tectus,</span> <span class='ocrx_word' id='word_1_166' title='bbox 1106 2444 1194 2482; x_wconf 82' lang='lat' dir='ltr'>unum</span> <span class='ocrx_word' id='word_1_167' title='bbox 1206 2431 1234 2482; x_wconf 89' lang='lat' dir='ltr'>in</span> <span class='ocrx_word' id='word_1_168' title='bbox 1242 2449 1269 2484; x_wconf 90' lang='lat' dir='ltr'>se</span> <span class='ocrx_word' id='word_1_169' title='bbox 1280 2429 1370 2484; x_wconf 64' lang='lat' dir='ltr'>dacen-</span> 
     </span>
     <span class='ocr_line' id='line_1_21' title="bbox 316 2505 1370 2579; baseline 0.003 -19"><span class='ocrx_word' id='word_1_170' title='bbox 316 2508 417 2561; x_wconf 85' lang='lat' dir='ltr'>lumuis</span> <span class='ocrx_word' id='word_1_171' title='bbox 437 2507 632 2562; x_wconf 83' lang='lat' dir='ltr'>circumfultam</span> <span class='ocrx_word' id='word_1_172' title='bbox 660 2521 776 2579; x_wconf 87' lang='lat' dir='ltr'>quatuor</span> <span class='ocrx_word' id='word_1_173' title='bbox 796 2507 830 2561; x_wconf 87' lang='lat' dir='ltr'>sd</span> <span class='ocrx_word' id='word_1_174' title='bbox 875 2524 933 2557; x_wconf 84' lang='lat' dir='ltr'>surn</span> <span class='ocrx_word' id='word_1_175' title='bbox 947 2505 1128 2571; x_wconf 84' lang='lat' dir='ltr'>babct‚intus</span> <span class='ocrx_word' id='word_1_176' title='bbox 1143 2526 1221 2578; x_wconf 81' lang='lat' dir='ltr'>penne</span> <span class='ocrx_word' id='word_1_177' title='bbox 1239 2512 1370 2565; x_wconf 67' lang='lat' dir='ltr'>unum·</span> 
     </span>
     <span class='ocr_line' id='line_1_22' title="bbox 315 2584 1219 2659; baseline -0.001 -19"><span class='ocrx_word' id='word_1_178' title='bbox 315 2586 456 2659; x_wconf 84' lang='lat' dir='ltr'>quodlibet</span> <span class='ocrx_word' id='word_1_179' title='bbox 473 2588 541 2641; x_wconf 78' lang='lat' dir='ltr'>latus</span> <span class='ocrx_word' id='word_1_180' title='bbox 559 2587 658 2659; x_wconf 86' lang='lat' dir='ltr'>positis.</span> <span class='ocrx_word' id='word_1_181' title='bbox 673 2590 775 2641; x_wconf 74' lang='lat' dir='ltr'>Dstac.</span> <span class='ocrx_word' id='word_1_182' title='bbox 790 2618 831 2629; x_wconf 90' lang='lat'>—</span> <span class='ocrx_word' id='word_1_183' title='bbox 875 2584 942 2637; x_wconf 89' lang='lat' dir='ltr'>biles</span> <span class='ocrx_word' id='word_1_184' title='bbox 955 2584 1025 2650; x_wconf 82' lang='lat' dir='ltr'>vias,</span> <span class='ocrx_word' id='word_1_185' title='bbox 1037 2598 1087 2639; x_wconf 87' lang='lat' dir='ltr'>etc.</span> <span class='ocrx_word' id='word_1_186' title='bbox 1098 2612 1109 2633; x_wconf 80' lang='grc' dir='ltr'>ι</span> <span class='ocrx_word' id='word_1_187' title='bbox 1124 2587 1219 2642; x_wconf 79' lang='lat' dir='ltr'>flauo.</span> 
     </span>
     <span class='ocr_line' id='line_1_23' title="bbox 318 2666 1437 2740; baseline -0.001 -21"><span class='ocrx_word' id='word_1_188' title='bbox 318 2668 831 2740; x_wconf 72' lang='lat' dir='ltr'>Quoelmimreqaidesr.blirarijurcsub-</span> <span class='ocrx_word' id='word_1_189' title='bbox 921 2668 966 2717; x_wconf 84' lang='lat'>16.</span> <span class='ocrx_word' id='word_1_190' title='bbox 980 2666 1009 2717; x_wconf 85' lang='lat' dir='ltr'>lu</span> <span class='ocrx_word' id='word_1_191' title='bbox 1029 2670 1137 2734; x_wconf 63' lang='lat' dir='ltr'>regiones</span> <span class='ocrx_word' id='word_1_192' title='bbox 1155 2668 1328 2737; x_wconf 60' lang='lat' dir='ltr'>divumne</span> <span class='ocrx_word' id='word_1_193' title='bbox 1341 2666 1371 2720; x_wconf 86' lang='lat' dir='ltr'>Ut</span> <span class='ocrx_word' id='word_1_194' title='bbox 1435 2668 1437 2673; x_wconf 83' lang='lat'>&#39;</span> 
     </span>
     <span class='ocr_line' id='line_1_24' title="bbox 316 2744 1372 2819; baseline 0.001 -21"><span class='ocrx_word' id='word_1_195' title='bbox 316 2748 352 2811; x_wconf 90' lang='lat' dir='ltr'>it,</span> <span class='ocrx_word' id='word_1_196' title='bbox 366 2766 449 2818; x_wconf 84' lang='lat' dir='ltr'>quum</span> <span class='ocrx_word' id='word_1_197' title='bbox 466 2751 598 2818; x_wconf 76' lang='lat' dir='ltr'>AEgyptus</span> <span class='ocrx_word' id='word_1_198' title='bbox 610 2758 650 2800; x_wconf 88' lang='lat' dir='ltr'>tot</span> <span class='ocrx_word' id='word_1_199' title='bbox 665 2765 829 2801; x_wconf 84' lang='lat' dir='ltr'>marmorum</span> <span class='ocrx_word' id='word_1_200' title='bbox 874 2744 1039 2816; x_wconf 76' lang='lat' dir='ltr'>intelligatur</span> <span class='ocrx_word' id='word_1_201' title='bbox 1051 2744 1095 2797; x_wconf 90' lang='lat' dir='ltr'>illa</span> <span class='ocrx_word' id='word_1_202' title='bbox 1110 2746 1260 2819; x_wconf 74' lang='lat' dir='ltr'>labyrinthi</span> <span class='ocrx_word' id='word_1_203' title='bbox 1272 2748 1372 2811; x_wconf 70' lang='lat' dir='ltr'>divisio,</span> 
     </span>
     <span class='ocr_line' id='line_1_25' title="bbox 314 2823 1371 2901; baseline 0 -22"><span class='ocrx_word' id='word_1_204' title='bbox 314 2824 389 2879; x_wconf 87' lang='lat' dir='ltr'>domi</span> <span class='ocrx_word' id='word_1_205' title='bbox 410 2827 552 2898; x_wconf 76' lang='lat' dir='ltr'>generibus</span> <span class='ocrx_word' id='word_1_206' title='bbox 571 2823 707 2889; x_wconf 69' lang='lat' dir='ltr'>abundet,</span> <span class='ocrx_word' id='word_1_207' title='bbox 727 2845 744 2878; x_wconf 93' lang='lat' dir='ltr'>e</span> <span class='ocrx_word' id='word_1_208' title='bbox 759 2825 829 2880; x_wconf 85' lang='lat' dir='ltr'>Paro</span> <span class='ocrx_word' id='word_1_209' title='bbox 874 2841 980 2877; x_wconf 84' lang='lat' dir='ltr'>necesse</span> <span class='ocrx_word' id='word_1_210' title='bbox 1000 2837 1038 2877; x_wconf 88' lang='lat' dir='ltr'>est</span> <span class='ocrx_word' id='word_1_211' title='bbox 1052 2825 1143 2878; x_wconf 87' lang='lat' dir='ltr'>animo</span> <span class='ocrx_word' id='word_1_212' title='bbox 1157 2830 1297 2901; x_wconf 85' lang='lat' dir='ltr'>concipere</span> <span class='ocrx_word' id='word_1_213' title='bbox 1311 2826 1371 2880; x_wconf 74' lang='lat' dir='ltr'>ullos</span> 
     </span>
     <span class='ocr_line' id='line_1_26' title="bbox 314 2902 1370 2978; baseline -0.002 -19"><span class='ocrx_word' id='word_1_214' title='bbox 314 2907 463 2978; x_wconf 78' lang='lat' dir='ltr'>quaesiisse,</span> <span class='ocrx_word' id='word_1_215' title='bbox 475 2918 505 2960; x_wconf 90' lang='lat' dir='ltr'>ut</span> <span class='ocrx_word' id='word_1_216' title='bbox 519 2904 552 2958; x_wconf 87' lang='lat' dir='ltr'>sd</span> <span class='ocrx_word' id='word_1_217' title='bbox 573 2905 699 2959; x_wconf 80' lang='lat' dir='ltr'>introitus</span> <span class='ocrx_word' id='word_1_218' title='bbox 711 2906 830 2975; x_wconf 79' lang='lat' dir='ltr'>ubyrin-</span> <span class='ocrx_word' id='word_1_219' title='bbox 874 2902 1042 2975; x_wconf 82' lang='lat' dir='ltr'>imperatoris</span> <span class='ocrx_word' id='word_1_220' title='bbox 1062 2904 1186 2960; x_wconf 83' lang='lat' dir='ltr'>Sinarunn</span> <span class='ocrx_word' id='word_1_221' title='bbox 1200 2929 1206 2960; x_wconf 92' lang='lat'><strong>:</strong></span> <span class='ocrx_word' id='word_1_222' title='bbox 1222 2908 1370 2961; x_wconf 81' lang='lat' dir='ltr'>manilestuu</span> 
     </span>
     <span class='ocr_line' id='line_1_27' title="bbox 314 2980 1369 3061; baseline 0.002 -22"><span class='ocrx_word' id='word_1_223' title='bbox 314 2986 355 3039; x_wconf 86' lang='lat' dir='ltr'>tbi</span> <span class='ocrx_word' id='word_1_224' title='bbox 367 2986 503 3039; x_wconf 80' lang='lat' dir='ltr'>columnus</span> <span class='ocrx_word' id='word_1_225' title='bbox 511 3004 543 3038; x_wconf 79' lang='lat' dir='ltr'>ex</span> <span class='ocrx_word' id='word_1_226' title='bbox 552 3003 586 3037; x_wconf 93' lang='lat' dir='ltr'>eo</span> <span class='ocrx_word' id='word_1_227' title='bbox 598 2983 744 3043; x_wconf 82' lang='lat' dir='ltr'>excideret.</span> <span class='ocrx_word' id='word_1_228' title='bbox 757 3003 829 3038; x_wconf 89' lang='lat' dir='ltr'>coru·</span> <span class='ocrx_word' id='word_1_229' title='bbox 873 2995 912 3036; x_wconf 91' lang='lat' dir='ltr'>est</span> <span class='ocrx_word' id='word_1_230' title='bbox 921 2982 991 3037; x_wconf 84' lang='lat' dir='ltr'>enim</span> <span class='ocrx_word' id='word_1_231' title='bbox 1002 2980 1074 3037; x_wconf 85' lang='lat' dir='ltr'>idem</span> <span class='ocrx_word' id='word_1_232' title='bbox 1085 3002 1143 3037; x_wconf 87' lang='lat' dir='ltr'>esse</span> <span class='ocrx_word' id='word_1_233' title='bbox 1152 2988 1296 3061; x_wconf 82' lang='lat' dir='ltr'>exemplar.</span> <span class='ocrx_word' id='word_1_234' title='bbox 1304 2982 1369 3050; x_wconf 77' lang='lat' dir='ltr'>Quot</span> 
     </span>
     <span class='ocr_line' id='line_1_28' title="bbox 314 3060 1371 3138; baseline -0.001 -21"><span class='ocrx_word' id='word_1_235' title='bbox 314 3079 480 3137; x_wconf 85' lang='lat' dir='ltr'>poneretque</span> <span class='ocrx_word' id='word_1_236' title='bbox 487 3063 594 3118; x_wconf 84' lang='lat' dir='ltr'>structis</span> <span class='ocrx_word' id='word_1_237' title='bbox 600 3063 832 3136; x_wconf 79' lang='lat' dir='ltr'>caeolapidemo·</span> <span class='ocrx_word' id='word_1_238' title='bbox 873 3060 992 3116; x_wconf 82' lang='lat' dir='ltr'>indicare</span> <span class='ocrx_word' id='word_1_239' title='bbox 1006 3081 1078 3116; x_wconf 91' lang='lat' dir='ltr'>nuno</span> <span class='ocrx_word' id='word_1_240' title='bbox 1086 3064 1204 3131; x_wconf 80' lang='lat' dir='ltr'>sufficit,</span> <span class='ocrx_word' id='word_1_241' title='bbox 1216 3086 1296 3138; x_wconf 79' lang='lat' dir='ltr'>quum</span> <span class='ocrx_word' id='word_1_242' title='bbox 1305 3064 1330 3117; x_wconf 93' lang='lat' dir='ltr'>id</span> <span class='ocrx_word' id='word_1_243' title='bbox 1337 3064 1371 3116; x_wconf 80' lang='lat' dir='ltr'>fn·</span> 
     </span>
     <span class='ocr_line' id='line_1_29' title="bbox 315 3140 1371 3219; baseline -0.002 -22"><span class='ocrx_word' id='word_1_244' title='bbox 315 3146 396 3199; x_wconf 91' lang='lat' dir='ltr'>libus.</span> <span class='ocrx_word' id='word_1_245' title='bbox 407 3146 498 3197; x_wconf 74' lang='lat' dir='ltr'>Hunc.</span> <span class='ocrx_word' id='word_1_246' title='bbox 874 3140 927 3195; x_wconf 84' lang='lat' dir='ltr'>sius</span> <span class='ocrx_word' id='word_1_247' title='bbox 939 3142 1060 3214; x_wconf 82' lang='lat' dir='ltr'>persequi</span> <span class='ocrx_word' id='word_1_248' title='bbox 1073 3161 1128 3195; x_wconf 90' lang='lat' dir='ltr'>non</span> <span class='ocrx_word' id='word_1_249' title='bbox 1141 3144 1371 3219; x_wconf 87' lang='lat' dir='ltr'>lioctperlnancno·</span> 
     </span>
     <span class='ocr_line' id='line_1_30' title="bbox 360 3220 1371 3295; baseline -0.004 -16"><span class='ocrx_word' id='word_1_250' title='bbox 360 3226 405 3279; x_wconf 76' lang='lat'>13.</span> <span class='ocrx_word' id='word_1_251' title='bbox 419 3225 524 3277; x_wconf 80' lang='lat' dir='ltr'>Introitu</span> <span class='ocrx_word' id='word_1_252' title='bbox 536 3222 641 3291; x_wconf 78' lang='lat' dir='ltr'>lapr&#39;dse</span> <span class='ocrx_word' id='word_1_253' title='bbox 653 3223 740 3276; x_wconf 82' lang='lat' dir='ltr'>Pario.</span> <span class='ocrx_word' id='word_1_254' title='bbox 750 3224 830 3278; x_wconf 87' lang='lat' dir='ltr'>Prius</span> <span class='ocrx_word' id='word_1_255' title='bbox 874 3234 986 3295; x_wconf 74' lang='lat' dir='ltr'>staupum</span> <span class='ocrx_word' id='word_1_256' title='bbox 1002 3234 1125 3275; x_wconf 85' lang='lat' dir='ltr'>notarum</span> <span class='ocrx_word' id='word_1_257' title='bbox 1136 3224 1300 3280; x_wconf 74' lang='lat' dir='ltr'>brevitatem.</span> <span class='ocrx_word' id='word_1_258' title='bbox 1310 3220 1371 3276; x_wconf 72' lang='lat' dir='ltr'>RSi·</span> 
     </span>
     <span class='ocr_line' id='line_1_31' title="bbox 315 3298 1370 3376; baseline -0.003 -18"><span class='ocrx_word' id='word_1_259' title='bbox 315 3305 465 3376; x_wconf 74' lang='lat' dir='ltr'>legebatur,</span> <span class='ocrx_word' id='word_1_260' title='bbox 477 3302 608 3355; x_wconf 69' lang='lat' dir='ltr'>*introitu</span> <span class='ocrx_word' id='word_1_261' title='bbox 617 3301 716 3374; x_wconf 83' lang='lat' dir='ltr'>lapidis</span> <span class='ocrx_word' id='word_1_262' title='bbox 724 3303 829 3357; x_wconf 84' lang='lat' dir='ltr'>colunn-</span> <span class='ocrx_word' id='word_1_263' title='bbox 874 3299 946 3354; x_wconf 89' lang='lat' dir='ltr'>card.</span> <span class='ocrx_word' id='word_1_264' title='bbox 969 3298 1048 3354; x_wconf 89' lang='lat' dir='ltr'>docet</span> <span class='ocrx_word' id='word_1_265' title='bbox 1066 3313 1153 3356; x_wconf 84' lang='lat' dir='ltr'>totum</span> <span class='ocrx_word' id='word_1_266' title='bbox 1175 3306 1291 3376; x_wconf 82' lang='lat' dir='ltr'>spatium</span> <span class='ocrx_word' id='word_1_267' title='bbox 1308 3304 1370 3370; x_wconf 72' lang='lat' dir='ltr'>laby·</span> 
     </span>
     <span class='ocr_line' id='line_1_32' title="bbox 315 3378 1370 3456; baseline -0.001 -20"><span class='ocrx_word' id='word_1_268' title='bbox 315 3386 411 3456; x_wconf 85' lang='lat' dir='ltr'>nisque</span> <span class='ocrx_word' id='word_1_269' title='bbox 426 3382 547 3453; x_wconf 88' lang='lat' dir='ltr'>reliquis,</span> <span class='ocrx_word' id='word_1_270' title='bbox 559 3401 575 3433; x_wconf 88' lang='lat' dir='ltr'>e</span> <span class='ocrx_word' id='word_1_271' title='bbox 590 3382 707 3435; x_wconf 81' lang='lat' dir='ltr'>molibus</span> <span class='ocrx_word' id='word_1_272' title='bbox 717 3400 830 3454; x_wconf 86' lang='lat' dir='ltr'>compo-</span> <span class='ocrx_word' id='word_1_273' title='bbox 874 3380 957 3434; x_wconf 89' lang='lat' dir='ltr'>rinthi</span> <span class='ocrx_word' id='word_1_274' title='bbox 977 3378 1136 3453; x_wconf 74' lang='lat' dir='ltr'>quadratum</span> <span class='ocrx_word' id='word_1_275' title='bbox 1161 3402 1235 3451; x_wconf 83' lang='lat' dir='ltr'>esse,</span> <span class='ocrx_word' id='word_1_276' title='bbox 1256 3398 1281 3438; x_wconf 93' lang='lat' dir='ltr'>et</span> <span class='ocrx_word' id='word_1_277' title='bbox 1296 3394 1370 3455; x_wconf 75' lang='lat' dir='ltr'>petes</span> 
     </span>
     <span class='ocr_line' id='line_1_33' title="bbox 314 3458 1370 3533; baseline -0.005 -16"><span class='ocrx_word' id='word_1_278' title='bbox 314 3465 379 3517; x_wconf 73' lang='lat' dir='ltr'>sitis</span> <span class='ocrx_word' id='word_1_279' title='bbox 392 3490 403 3513; x_wconf 80' lang='grc' dir='ltr'>ι</span> <span class='ocrx_word' id='word_1_280' title='bbox 417 3461 528 3533; x_wconf 77' lang='lat' dir='ltr'>Adjurit</span> <span class='ocrx_word' id='word_1_281' title='bbox 541 3463 830 3533; x_wconf 82' lang='lat' dir='ltr'>promovitqueemcn·</span> <span class='ocrx_word' id='word_1_282' title='bbox 874 3458 1049 3533; x_wconf 76' lang='lat' dir='ltr'>quadrantem</span> <span class='ocrx_word' id='word_1_283' title='bbox 1071 3462 1151 3517; x_wconf 87' lang='lat' dir='ltr'>unius</span> <span class='ocrx_word' id='word_1_284' title='bbox 1173 3464 1266 3519; x_wconf 67' lang='lat' dir='ltr'>leuen.</span> <span class='ocrx_word' id='word_1_285' title='bbox 1287 3460 1370 3515; x_wconf 80' lang='lat' dir='ltr'>Horis</span> 
     </span>
     <span class='ocr_line' id='line_1_34' title="bbox 315 3539 1437 3614; baseline -0.004 -18"><span class='ocrx_word' id='word_1_286' title='bbox 315 3542 452 3597; x_wconf 87' lang='lat' dir='ltr'>dationem</span> <span class='ocrx_word' id='word_1_287' title='bbox 470 3544 533 3612; x_wconf 80' lang='lat' dir='ltr'>Reg.</span> <span class='ocrx_word' id='word_1_288' title='bbox 548 3540 610 3594; x_wconf 86' lang='lat' dir='ltr'>cod.</span> <span class='ocrx_word' id='word_1_289' title='bbox 628 3561 659 3605; x_wconf 68' lang='grc' dir='ltr'>ι,</span> <span class='ocrx_word' id='word_1_290' title='bbox 680 3543 709 3595; x_wconf 92' lang='lat' dir='ltr'>in</span> <span class='ocrx_word' id='word_1_291' title='bbox 722 3560 779 3613; x_wconf 89' lang='lat' dir='ltr'>quo</span> <span class='ocrx_word' id='word_1_292' title='bbox 792 3542 830 3597; x_wconf 88' lang='lat' dir='ltr'>sic</span> <span class='ocrx_word' id='word_1_293' title='bbox 873 3540 961 3613; x_wconf 86' lang='lat' dir='ltr'>spatio</span> <span class='ocrx_word' id='word_1_294' title='bbox 975 3539 1060 3594; x_wconf 81' lang='lat' dir='ltr'>videri</span> <span class='ocrx_word' id='word_1_295' title='bbox 1078 3542 1189 3614; x_wconf 71' lang='lat' dir='ltr'>triginta</span> <span class='ocrx_word' id='word_1_296' title='bbox 1202 3545 1281 3598; x_wconf 88' lang='lat' dir='ltr'>colles</span> <span class='ocrx_word' id='word_1_297' title='bbox 1293 3539 1371 3613; x_wconf 84' lang='lat' dir='ltr'>opple·</span> <span class='ocrx_word' id='word_1_298' title='bbox 1436 3576 1437 3581; x_wconf 49' lang='lat'><em>=</em></span> 
     </span>
     <span class='ocr_line' id='line_1_35' title="bbox 315 3618 1369 3693; baseline -0.003 -18"><span class='ocrx_word' id='word_1_299' title='bbox 315 3624 428 3693; x_wconf 73' lang='lat' dir='ltr'>legitor,</span> <span class='ocrx_word' id='word_1_300' title='bbox 444 3647 456 3670; x_wconf 81' lang='grc' dir='ltr'>ι</span> <span class='ocrx_word' id='word_1_301' title='bbox 472 3621 591 3674; x_wconf 88' lang='lat' dir='ltr'>lutroitu</span> <span class='ocrx_word' id='word_1_302' title='bbox 606 3619 703 3692; x_wconf 84' lang='lat' dir='ltr'>lapidis</span> <span class='ocrx_word' id='word_1_303' title='bbox 716 3640 732 3673; x_wconf 88' lang='lat' dir='ltr'>e</span> <span class='ocrx_word' id='word_1_304' title='bbox 746 3622 830 3689; x_wconf 85' lang='lat' dir='ltr'>Paro,</span> <span class='ocrx_word' id='word_1_305' title='bbox 875 3634 916 3675; x_wconf 87' lang='lat' dir='ltr'>tos</span> <span class='ocrx_word' id='word_1_306' title='bbox 929 3620 1030 3685; x_wconf 85' lang='lat' dir='ltr'>ruinis,</span> <span class='ocrx_word' id='word_1_307' title='bbox 1042 3622 1092 3674; x_wconf 83' lang='lat' dir='ltr'>ubi</span> <span class='ocrx_word' id='word_1_308' title='bbox 1103 3623 1181 3676; x_wconf 83' lang='lat' dir='ltr'>lucre</span> <span class='ocrx_word' id='word_1_309' title='bbox 1191 3638 1270 3679; x_wconf 68' lang='lat' dir='ltr'>vaste</span> <span class='ocrx_word' id='word_1_310' title='bbox 1280 3618 1369 3676; x_wconf 69' lang='lat' dir='ltr'>ittedo</span> 
     </span>
     <span class='ocr_line' id='line_1_36' title="bbox 315 3700 1370 3772; baseline -0.001 -16"><span class='ocrx_word' id='word_1_311' title='bbox 315 3703 447 3757; x_wconf 84' lang='lat' dir='ltr'>columnis</span> <span class='ocrx_word' id='word_1_312' title='bbox 460 3700 569 3771; x_wconf 72' lang='lat' dir='ltr'>relique</span> <span class='ocrx_word' id='word_1_313' title='bbox 583 3700 698 3772; x_wconf 73' lang='lat' dir='ltr'>Syenites</span> <span class='ocrx_word' id='word_1_314' title='bbox 713 3702 830 3757; x_wconf 82' lang='lat' dir='ltr'>molibus</span> <span class='ocrx_word' id='word_1_315' title='bbox 875 3720 934 3755; x_wconf 85' lang='lat' dir='ltr'>mus</span> <span class='ocrx_word' id='word_1_316' title='bbox 950 3700 1062 3755; x_wconf 78' lang='lat' dir='ltr'>sedecim</span> <span class='ocrx_word' id='word_1_317' title='bbox 1077 3702 1292 3771; x_wconf 65' lang='lat' dir='ltr'>prefecturamtn</span> <span class='ocrx_word' id='word_1_318' title='bbox 1304 3703 1370 3769; x_wconf 63' lang='lat' dir='ltr'>AEfl·</span> 
     </span>
     <span class='ocr_line' id='line_1_37' title="bbox 316 3776 1370 3853; baseline 0 -18"><span class='ocrx_word' id='word_1_319' title='bbox 316 3782 500 3853; x_wconf 78' lang='lat' dir='ltr'>compositis·</span> <span class='ocrx_word' id='word_1_320' title='bbox 515 3782 558 3834; x_wconf 90' lang='lat' dir='ltr'>Sic</span> <span class='ocrx_word' id='word_1_321' title='bbox 568 3782 648 3834; x_wconf 87' lang='lat' dir='ltr'>etism</span> <span class='ocrx_word' id='word_1_322' title='bbox 662 3780 780 3835; x_wconf 83' lang='lat' dir='ltr'>Colbert.</span> <span class='ocrx_word' id='word_1_323' title='bbox 797 3783 830 3850; x_wconf 79' lang='lat'>3,</span> <span class='ocrx_word' id='word_1_324' title='bbox 874 3781 928 3852; x_wconf 82' lang='lat' dir='ltr'>pti,</span> <span class='ocrx_word' id='word_1_325' title='bbox 943 3782 988 3834; x_wconf 91' lang='lat' dir='ltr'>illn</span> <span class='ocrx_word' id='word_1_326' title='bbox 1012 3781 1111 3853; x_wconf 89' lang='lat' dir='ltr'>templa</span> <span class='ocrx_word' id='word_1_327' title='bbox 1137 3784 1259 3837; x_wconf 86' lang='lat' dir='ltr'>omnium</span> <span class='ocrx_word' id='word_1_328' title='bbox 1281 3776 1370 3851; x_wconf 64' lang='grc' dir='ltr'><strong>ΕρῬῑῑ</strong></span> 
     </span>
     <span class='ocr_line' id='line_1_38' title="bbox 316 3858 1368 3932; baseline 0.002 -17"><span class='ocrx_word' id='word_1_329' title='bbox 316 3862 418 3932; x_wconf 86' lang='lat' dir='ltr'>aliique</span> <span class='ocrx_word' id='word_1_330' title='bbox 429 3861 590 3932; x_wconf 73' lang='lat' dir='ltr'>probatioris</span> <span class='ocrx_word' id='word_1_331' title='bbox 599 3872 677 3914; x_wconf 72' lang='lat' dir='ltr'>nota.</span> <span class='ocrx_word' id='word_1_332' title='bbox 689 3860 725 3913; x_wconf 85' lang='grc' dir='ltr'>Η.</span> <span class='ocrx_word' id='word_1_333' title='bbox 734 3892 775 3902; x_wconf 87' lang='lat'>-</span> <span class='ocrx_word' id='word_1_334' title='bbox 786 3861 830 3918; x_wconf 91' lang='lat' dir='ltr'>Sic</span> <span class='ocrx_word' id='word_1_335' title='bbox 875 3859 997 3923; x_wconf 84' lang='lat' dir='ltr'>deorum,</span> <span class='ocrx_word' id='word_1_336' title='bbox 1011 3858 1166 3932; x_wconf 82' lang='lat' dir='ltr'>quindecim</span> <span class='ocrx_word' id='word_1_337' title='bbox 1182 3862 1233 3919; x_wconf 69' lang='lat' dir='ltr'>itte</span> <span class='ocrx_word' id='word_1_338' title='bbox 1246 3862 1368 3917; x_wconf 69' lang='lat' dir='ltr'>Nemee.</span> 
     </span>
     <span class='ocr_line' id='line_1_39' title="bbox 317 3938 1368 4013; baseline -0.001 -19"><span class='ocrx_word' id='word_1_339' title='bbox 317 3942 392 3995; x_wconf 79' lang='lat' dir='ltr'>Brot.</span> <span class='ocrx_word' id='word_1_340' title='bbox 402 3940 559 4012; x_wconf 71' lang='lat' dir='ltr'>distinguit:</span> <span class='ocrx_word' id='word_1_341' title='bbox 574 3962 588 3992; x_wconf 84' lang='lat' dir='ltr'>e</span> <span class='ocrx_word' id='word_1_342' title='bbox 601 3941 680 3993; x_wconf 78' lang='lat' dir='ltr'>Pario</span> <span class='ocrx_word' id='word_1_343' title='bbox 691 3942 829 3998; x_wconf 56' lang='lat' dir='ltr'>dumis:</span> <span class='ocrx_word' id='word_1_344' title='bbox 874 3959 921 3994; x_wconf 86' lang='lat' dir='ltr'>seu</span> <span class='ocrx_word' id='word_1_345' title='bbox 937 3939 1090 4013; x_wconf 80' lang='lat' dir='ltr'>quinidecim</span> <span class='ocrx_word' id='word_1_346' title='bbox 1111 3941 1231 3996; x_wconf 80' lang='lat' dir='ltr'>Nemesis</span> <span class='ocrx_word' id='word_1_347' title='bbox 1252 3938 1368 3995; x_wconf 72' lang='lat' dir='ltr'>adtenta.</span> 
     </span>
     <span class='ocr_line' id='line_1_40' title="bbox 319 4013 1368 4093; baseline -0.002 -20"><span class='ocrx_word' id='word_1_348' title='bbox 319 4021 439 4093; x_wconf 50' lang='lat' dir='ltr'>reliqum</span> <span class='ocrx_word' id='word_1_349' title='bbox 452 4020 549 4093; x_wconf 60' lang='lat' dir='ltr'>&amp;mite</span> <span class='ocrx_word' id='word_1_350' title='bbox 562 4020 680 4087; x_wconf 71' lang='lat' dir='ltr'>molibus,</span> <span class='ocrx_word' id='word_1_351' title='bbox 692 4034 745 4075; x_wconf 89' lang='lat' dir='ltr'>etc.</span> <span class='ocrx_word' id='word_1_352' title='bbox 756 4022 809 4076; x_wconf 85' lang='lat' dir='ltr'>En.</span> <span class='ocrx_word' id='word_1_353' title='bbox 873 4019 1026 4091; x_wconf 81' lang='lat' dir='ltr'>pyramides</span> <span class='ocrx_word' id='word_1_354' title='bbox 1037 4040 1153 4093; x_wconf 83' lang='lat' dir='ltr'>quarum</span> <span class='ocrx_word' id='word_1_355' title='bbox 1166 4040 1235 4076; x_wconf 79' lang='lat' dir='ltr'>senc</span> <span class='ocrx_word' id='word_1_356' title='bbox 1246 4038 1302 4075; x_wconf 86' lang='lat' dir='ltr'>oras</span> <span class='ocrx_word' id='word_1_357' title='bbox 1311 4013 1368 4071; x_wconf 70' lang='lat' dir='ltr'>rad·</span> 
     </span>
     <span class='ocr_line' id='line_1_41' title="bbox 363 4092 1357 4173; baseline -0.001 -19"><span class='ocrx_word' id='word_1_358' title='bbox 363 4107 407 4165; x_wconf 68' lang='lat'>14.</span> <span class='ocrx_word' id='word_1_359' title='bbox 420 4092 480 4172; x_wconf 69' lang='lat' dir='ltr'>&#39;Qus&#39;</span> <span class='ocrx_word' id='word_1_360' title='bbox 497 4101 526 4155; x_wconf 76' lang='lat' dir='ltr'>id</span> <span class='ocrx_word' id='word_1_361' title='bbox 543 4120 601 4173; x_wconf 75' lang='lat' dir='ltr'>opera</span> <span class='ocrx_word' id='word_1_362' title='bbox 619 4104 728 4157; x_wconf 56' lang='lat' dir='ltr'>urbam</span> <span class='ocrx_word' id='word_1_363' title='bbox 753 4102 828 4158; x_wconf 81' lang='lat' dir='ltr'>MSS.</span> <span class='ocrx_word' id='word_1_364' title='bbox 874 4118 935 4154; x_wconf 85' lang='lat' dir='ltr'>cuna</span> <span class='ocrx_word' id='word_1_365' title='bbox 949 4100 1096 4173; x_wconf 73' lang='lat' dir='ltr'>labyrinthi</span> <span class='ocrx_word' id='word_1_366' title='bbox 1108 4102 1271 4157; x_wconf 81' lang='lat' dir='ltr'>obtinerent.</span> <span class='ocrx_word' id='word_1_367' title='bbox 1283 4100 1357 4153; x_wconf 71' lang='lat' dir='ltr'>uros.</span> 
     </span>
    </p>
   </div>
   <div class='ocr_carea' id='block_1_5' title="bbox 0 0 1483 5000">
    <p class='ocr_par' dir='ltr' id='par_1_5' title="bbox 0 0 1483 5000">
     <span class='ocr_line' id='line_1_42' title="bbox 0 0 1483 5000; baseline 0 0"><span class='ocrx_word' id='word_1_368' title='bbox 0 0 1483 5000; x_wconf 95' lang='lat' dir='ltr'> </span> 
     </span>
    </p>
   </div>
  </div>
 </body>
</html>
