2950 5000
332 435 400 509 116
603 437 640 504 C.
666 436 833 506 PLlNll
860 436 966 506 Ns's.
992 437 1123 507 HIST.

327 596 391 641 nus
413 572 448 639 in
474 567 646 662 triumpho
679 568 837 639 militibus
859 594 894 639 x.
926 593 975 639 vu
1004 568 1097 639 dedit
1110 561 1132 637 ⁴.
1163 574 1196 641 Ο
1226 572 1312 642 viros
1338 572 1392 641 illo

329 679 531 772 imperatore
551 674 688 769 dignos,
715 675 836 769 quibus
867 675 932 746 hoc
965 677 1043 744 sutis
1070 672 1144 745 luit!
1177 665 1307 747 Frater⁵
1325 679 1393 771 ejus

327 782 559 876 Allobrogicus
579 782 705 875 primus
724 783 876 853 omniurn
900 780 1012 876 pondo
1032 780 1119 851 mille
1133 782 1263 853 habuit.
1284 787 1326 853 At
1341 786 1393 853 Li-

329 892 402 959 vius
419 892 551 957 Drusus
569 888 603 955 in
624 886 796 957 tribunatu
818 872 960 982 plebis⁶,
987 913 1019 956 s.
1046 889 1132 957 Nam
1149 904 1287 984 propter
1303 892 1394 983 quin·

327 1020 392 1092 que
412 993 543 1091 pondo²
562 1007 714 1063 notatum
745 1018 765 1062 a
784 992 977 1115 censoribus
1005 994 1241 1089 triumphalem
1263 1020 1392 1078 senem,

367 1225 395 1282 4.
414 1218 549 1285 Africanus
571 1218 597 1266 in
621 1214 739 1285 triumpho
759 1215 842 1267 militi·
886 1232 965 1287 quam
980 1212 1080 1286 gullicoe
1093 1216 1292 1271 monetalibrss
1307 1216 1393 1270 suu

327 1298 371 1353 lus
384 1298 423 1350 X.
439 1296 495 1349 Vll
510 1283 584 1349 dedit.
607 1293 665 1348 Hoc
682 1306 737 1360 est,
762 1292 842 1347 deua-
927 1298 952 1347 5.
973 1294 1071 1347 Frater.
1092 1293 1143 1347 Cui
1171 1314 1203 1348 ex
1222 1296 1393 1366 Allobrogum

328 1380 382 1432 rios
394 1390 511 1449 septem:
524 1386 637 1427 monete
647 1373 760 1445 gallicas,
774 1392 841 1427 esses
886 1373 995 1426 victoris
1013 1392 1111 1427 nomen
1127 1374 1203 1427 haesir
1217 1375 1393 1446 Allobrogici,

327 1477 372 1512 sex
384 1470 410 1509 et
422 1455 631 1529 quinquagenos.
650 1454 708 1506 Hoc
720 1451 839 1506 donativi
885 1452 957 1523 quod
974 1465 1000 1506 et
1020 1453 1127 1506 familiae
1143 1451 1243 1508 deinde
1256 1455 1304 1507 toti
1319 1455 1395 1509 here

328 1536 438 1591 nomine
454 1534 583 1587 militibus
606 1532 716 1603 siugulis
736 1530 839 1587 datum.
884 1530 1009 1585 ditarium
1020 1532 1138 1603 reliquit.
1149 1533 1193 1586 Sic
1204 1534 1294 1604 Megni
1304 1554 1394 1605 coquo·

328 1618 465 1683 Quantum
476 1613 579 1667 intersit
587 1624 666 1683 typos
675 1613 745 1664 inter
755 1613 840 1665 inter·
884 1630 947 1665 meu
963 1613 1073 1669 Sextum
1087 1612 1247 1683 Pompeium
1260 1614 1349 1685 Msgui
1364 1615 1390 1667 F.

327 1697 434 1767 polutos
456 1713 473 1749 ι
499 1690 650 1747 semidoctis
671 1690 841 1757 bominibus,
884 1690 1002 1761 aliosque
1023 1709 1053 1743 ex
1073 1692 1189 1745 nummis
1205 1694 1305 1747 scimus
1327 1711 1394 1749 ecoe·

327 1774 485 1845 codicesque
498 1771 696 1844 integerrimos,
712 1790 780 1843 quos
799 1790 840 1823 se·
884 1771 960 1841 pisse.
974 1770 1065 1825 Hssn.

328 1851 563 1929 quutisumns,in
578 1850 724 1923 primisque
737 1850 801 1921 Reg.
814 1868 840 1915 a,
926 1854 952 1903 6.
974 1851 1003 1903 ln
1031 1850 1155 1903 tribunatu
1176 1852 1274 1923 plebis,
1289 1852 1327 1906 Χ.
1356 1854 1393 1905 lta

329 1933 575 2004 cujusscripturam
589 1930 784 2000 religiosissime
803 1948 842 1982 ro·
885 1930 949 2000 lleg.
984 1950 1010 1983 s.
1041 1930 1099 1983 Hoc
1126 1943 1178 1995 est,
1204 1931 1297 1985 decem
1323 1932 1391 1985 mille

328 2026 516 2085 presentemur
533 2004 645 2063 totidem
659 2009 778 2080 apicibus
790 2009 842 2081 syl·
885 2007 977 2079 pondo
1004 2010 1116 2081 urgenti.
1145 2008 1223 2065 Prius
1247 2012 1392 2083 legebatur,

329 2089 613 2164 lubisque,legeutium
628 2102 685 2141 esto
696 2087 841 2161 judicium.
886 2089 931 2141 XI
944 2088 1030 2141 millia.
1045 2090 1140 2141 Hssn.

330 2174 374 2227 sie
393 2170 465 2225 enim
488 2170 545 2242 typi
566 2186 672 2231 omnes,
686 2193 698 2215 ι
711 2166 842 2239 Idemque
927 2188 954 2239 7.
965 2170 1030 2221 Num
1040 2181 1141 2239 propter
1154 2172 1257 2242 quinque
1264 2170 1353 2241 pondu
1363 2171 1391 2223 lu

329 2270 413 2324 quum
447 2249 483 2303 de
521 2249 609 2301 Poenis
648 2247 842 2318 triumpharet,
885 2248 1049 2319 supellectile
1074 2248 1155 2301 denas
1182 2267 1245 2303 eum
1276 2250 1392 2302 babuisse

328 2345 423 2404 quater
441 2330 538 2383 millies
561 2346 677 2381 ccccm
695 2344 727 2379 rr.
749 2325 841 2397 pondo
886 2326 966 2380 libras
977 2326 1078 2381 dictum
1090 2340 1129 2381 est
1143 2328 1275 2399 superius,
1286 2329 1391 2392 xvut,

317 2410 469 2465 'transtulit
483 2435 494 2458 ι
508 2406 672 2461 Incredibile
693 2409 788 2459 merito
806 2406 843 2459 vi·
888 2408 914 2461 8.
926 2406 960 2460 Et
975 2407 1088 2473 Gellius,
1101 2409 1154 2468 IV,
1168 2409 1202 2461 8:
1219 2435 1232 2456 ι
1241 2410 1391 2463 Cornelium

329 2510 389 2545 sum
400 2488 430 2545 id
443 2490 475 2542 Ρ.
490 2487 631 2543 Cisccouio
646 2499 702 2552 est,
716 2484 751 2539 de
763 2486 843 2540 tricll-
885 2486 1012 2540 Rufinum
1026 2488 1068 2542 bis
1080 2488 1216 2542 cousulens
1230 2501 1258 2542 et
1267 2486 1390 2543 dicuntum

328 2571 488 2643 uio,p.17:
506 2569 582 2621 «Hoc
595 2567 697 2639 urgenti
710 2578 765 2618 tots
779 2567 843 2620 Cer·
886 2566 1006 2620 functum
1029 2585 1123 2639 censor
1144 2567 1283 2622 Febricius
1306 2581 1390 2622 senatu

329 2651 411 2722 tbsgo
427 2648 538 2712 babuit,
556 2647 601 2699 illa
618 2659 749 2699 terrarum
764 2664 843 2698 semu-
886 2647 990 2712 movit,
1012 2647 1048 2699 ob
1066 2647 1177 2701 luxurius
1193 2660 1303 2700 uotam:
1323 2643 1390 2720 quod

328 2731 371 2794 lu,
390 2727 465 2801 quod
489 2744 561 2780 nunc
583 2726 611 2778 in
635 2743 785 2778 mensarum
805 2736 843 2778 est
886 2725 978 2780 decem
998 2725 1089 2798 pondo
1110 2727 1191 2780 libres
1212 2728 1315 2798 urgenti
1335 2724 1390 2780 tacti

329 2821 469 2882 sppsrstu.
484 2833 495 2856 ι
509 2807 635 2869 Falsum,
651 2805 678 2857 in
689 2804 782 2857 erario
795 2822 843 2876 po·
886 2805 1021 2858 heberet·
1036 2807 1071 2860 Et
1085 2793 1182 2870 XVII,
1199 2825 1232 2860 ur
1248 2825 1255 2858 2
1276 2833 1288 2854 ι
1299 2807 1330 2860 C.
1346 2807 1389 2859 1²·-

330 2889 384 2944 tius
393 2890 454 2942 fuit.
464 2885 517 2941 Sed
531 2886 580 2939 slis
590 2885 669 2955 louge
682 2896 721 2937 est
734 2884 843 2954 scripto-
886 2884 986 2938 bricius
1006 2885 1150 2949 Luscinus,
1172 2899 1199 2939 ct
1217 2886 1252 2951 Q.
1276 2886 1391 2940 AEmrlius

330 2969 367 3024 ris
390 2967 529 3022 sententis.
556 2990 567 3012 ι
581 2965 673 3018 Postea
695 2963 765 3016 rictu
785 2961 842 3014 Nu·
886 2965 1390 3034 Rupus,censoresllomssfueruut,et

330 3049 430 3104 mantia
446 3060 474 3100 et
488 3044 573 3098 deletu
585 3041 596 3108 (
606 3062 654 3097 cur
670 3062 734 3096 vero
750 3042 843 3095 extrita
887 3041 918 3097 P.
932 3044 1013 3097 Corn.
1026 3044 1169 3108 Rufinum,
1181 3046 1228 3116 qui
1246 3046 1286 3098 his
1301 3043 1389 3100 consul

330 3128 426 3184 vocula
436 3126 538 3200 quiden,
549 3143 603 3177 non
612 3133 721 3194 apparet
729 3114 763 3188 l),
772 3120 843 3174 idem
887 3135 913 3176 et
935 3121 1049 3177 dictatur
1071 3123 1174 3189 lueret,
1191 3137 1283 3178 senatu
1306 3142 1389 3178 move·

329 3209 472 3264 Africanus
497 3205 527 3257 in
549 3203 686 3273 triumpho
713 3201 843 3254 militibus
871 3215 968 3269 -runt,
981 3221 1139 3271 causamque
1152 3203 1194 3258 iul
1207 3203 1388 3258 notassubscti·

331 3289 413 3342 xvn
426 3285 509 3338 millia
524 3281 615 3355 pondo
626 3279 710 3334 dedit.
724 3306 735 3328 ι
756 3281 844 3334 Noua
887 3293 998 3352 pserunt
1015 3300 1021 3336 :
1038 3281 1111 3353 quod
1129 3301 1188 3336 eum
1205 3285 1388 3354 comperissent

330 3381 424 3422 nostro
444 3365 547 3429 solum,
569 3359 616 3416 sed
636 3375 663 3414 et
689 3379 703 3413 s
725 3359 842 3414 Pintiuni
887 3362 987 3432 argenti
1009 3362 1072 3415 facti
1093 3381 1175 3416 coeun
1200 3365 1282 3435 gratia
1305 3363 1386 3418 elecem

330 3446 424 3501 codice
436 3446 534 3498 absunt
554 3461 591 3495 ers
608 3459 685 3493 voces
699 3441 776 3492 millia
783 3459 843 3510 pou·
885 3440 980 3512 pondo
995 3442 1076 3494 libras
1097 3441 1206 3496 babere.
1224 3469 1237 3492 ι
1260 3443 1320 3496 Nou
1335 3443 1388 3513 plus

330 3519 841 3591 dornecsero,nisiabsint,intelligo
885 3520 982 3573 babere
1013 3521 1130 3585 scilicet,
1156 3541 1236 3593 quum
1261 3523 1386 3594 quinque,

330 3625 392 3680 quse
414 3605 448 3658 sit
474 3621 506 3655 ea
530 3601 644 3653 militum
664 3599 839 3660 abstinentis,
885 3599 970 3653 licuit.
998 3600 1116 3672 Contigit
1137 3600 1166 3654 id
1188 3621 1251 3655 unu.
1273 3604 1307 3656 U.
1328 3603 1385 3671 ⁴7⁸·

330 3685 411 3758 dignu
431 3682 476 3736 illa
494 3679 696 3741 reclamatione,
718 3697 778 3749 quoe
793 3691 841 3731 sta-
885 3678 957 3732 Vide
971 3691 997 3732 et
1011 3679 1071 3733 Val.
1087 3681 1157 3735 Mur.
1172 3682 1210 3744 11.
1222 3703 1251 3752 9,
1264 3701 1290 3734 n.
1304 3681 1383 3748 flbi-
1429 3731 1430 3742 ,

329 3767 378 3820 tim
392 3763 525 3835 sequitur,
541 3761 563 3814 si
582 3772 635 3812 tam
654 3759 728 3829 largo
743 3757 843 3813 luerint
886 3759 1013 3830 viumque
1026 3759 1054 3811 in
1071 3761 1141 3832 Epir.
1154 3762 1230 3814 xlv.
1250 3763 1336 3815 llsnu.
1352 3789 1384 3799 -
1427 3751 1429 3766 l

328 3843 455 3898 donativo
475 3836 672 3911 compensandi.
696 3837 842 3890 Heru-
886 3838 1034 3891 Fabulouum
1056 3842 1109 3909 jam
1136 3842 1242 3894 uidetur.
1264 3843 1385 3912 h'puusr'st

328 3924 450 3978 Militibus
473 3921 512 3972 X.
538 3919 593 3971 Vll
615 3918 690 3972 dedit.
721 3917 842 3970 Gronov.
885 3917 1017 3990 loquitur.
1032 3920 1062 3971 ln
1080 3931 1151 3974 tantu
1170 3940 1274 3974 morum
1292 3932 1385 3973 nostro·

328 4017 355 4059 et
381 4004 420 4056 ΑΙ.
447 4001 534 4053 XVII
566 3998 642 4051 millia
671 3997 762 4068 pondo.
797 3995 843 4049 Se·
887 3997 1232 4064 rumluxuris,.uemoest
1243 4001 1383 4073 quiveram

325 4097 401 4161 ptem
423 4080 525 4134 denarii
547 4078 587 4131 illi
604 4090 665 4132 sunt
686 4076 767 4150 paulo
784 4077 844 4148 plus
888 4077 992 4147 credet,
1005 4077 1383 4136 anseredidissevideuuruu.

368 4161 378 4187 b
