2950 5000
279 439 327 522 do
548 436 588 504 G.
613 437 788 508 PLINlI
811 436 924 509 NAT.
949 435 1079 506 HIST.

277 570 462 663 Argentum
470 566 495 596 ²²
511 565 677 662 signatum
694 584 745 640 est
760 595 849 639 enno
863 569 967 639 Urbis
986 589 1206 655 ccccuxxxv,
1221 567 1266 656 Q.
1288 570 1354 636 Fa·

276 675 333 744 bio
355 672 507 758 consule,
528 676 672 769 quinque
697 662 825 748 annis²³
843 689 920 745 ante
937 676 1084 770 primum
1102 671 1226 742 bellum
1244 674 1354 741 Puni-

243 799 260 854 3
279 806 368 852 cum.
381 783 426 850 Et
446 779 570 876 placuit
587 773 793 852 denarium*
806 807 869 878 pro
888 783 1004 852 decem
1018 778 1109 882 libris
1123 781 1216 869 aeris,
1231 782 1354 873 quina·

277 984 414 1054 turiusque
439 1001 474 1036 ex
509 1001 591 1038 censu
618 983 790 1056 descripserit
833 986 943 1059 quintus
956 997 1018 1038 ente
1031 983 1165 1037 Punicum
1179 981 1282 1036 bellum
1297 983 1359 1053 pri-

279 1063 385 1118 Servius
399 1062 503 1116 Tullius
523 1083 568 1116 rex
588 1065 790 1132 Rornanorum,
834 1085 909 1119 mum
923 1084 1010 1118 annus
1022 1065 1089 1117 alius
1102 1082 1157 1117 esse
1167 1075 1266 1133 potest,
1276 1064 1311 1115 ub
1320 1081 1356 1116 eo

278 1141 391 1198 disceex
401 1143 490 1207 Livio,
502 1142 549 1195 lib.
561 1144 583 1205 1,
595 1157 654 1214 post
663 1145 793 1202 medium.
834 1164 914 1218 quem
933 1144 1060 1198 diximus.
1081 1145 1160 1197 Certe
1180 1143 1208 1194 in
1230 1142 1356 1196 Cbisflet.

278 1223 390 1276 Festus:
405 1222 476 1275 Infra
493 1224 601 1276 classem
616 1225 789 1296 significetur,
835 1229 894 1278 cod.
903 1225 925 1276 si
938 1223 1072 1278 credimus
1084 1224 1125 1277 Cl.
1137 1222 1287 1285 Chillletio,
1301 1223 1355 1276 lib.

278 1304 327 1374 qui
337 1301 550 1354 miuoresummu
559 1323 638 1376 quem
648 1317 757 1358 centum
766 1317 793 1358 et
835 1304 869 1358 de
878 1305 971 1376 Antiq.
983 1322 1058 1356 nuni.
1071 1322 1095 1355 c.
1111 1321 1141 1372 7,
1152 1322 1178 1373 p.
1190 1303 1238 1366 55,
1250 1299 1358 1355 diserte

278 1382 373 1454 viginti
383 1381 496 1435 millium
510 1382 569 1436 aeris
579 1385 746 1438 sentimur.-
757 1383 791 1438 H.
834 1385 941 1454 legitur,
951 1381 1358 1438 CCCCLXXXV.H.-Brot.

322 1481 369 1516 uu.
381 1461 517 1530 Argentum
534 1465 656 1533 signatum
673 1475 710 1516 est
728 1483 793 1516 anne
839 1465 873 1534 Q
885 1464 980 1533 Oguln.
995 1464 1026 1517 C.
1035 1463 1115 1514 Fabio
1125 1482 1186 1514 enus.
1198 1463 1251 1514 En.

282 1541 355 1596 Urbis
379 1540 628 1608 CCCCLXXXV,
656 1544 689 1613 Q.
713 1543 793 1597 Fabae
878 1545 924 1597 23.
948 1545 1060 1616 Quinque
1080 1546 1159 1594 unsis.
1178 1541 1255 1604 Sive,
1277 1539 1358 1610 quod

280 1621 391 1686 consule,
406 1624 508 1692 quinque
527 1626 597 1675 annis
619 1635 674 1676 ante
688 1625 793 1694 primunt
835 1621 934 1677 eodem
950 1624 1033 1676 ferme
1043 1621 1154 1685 recidit,
1168 1634 1198 1674 ut
1208 1620 1303 1673 Livius
1318 1620 1358 1674 uit

280 1703 368 1754 bellum
381 1701 509 1758 Punicum.
532 1703 573 1755 Ita
594 1702 656 1755 libri
681 1722 795 1769 omnes,
836 1703 864 1755 in
877 1703 1003 1772 Epitomc
1015 1702 1077 1756 libri
1088 1702 1141 1753 XV
1156 1720 1163 1753 :
1182 1699 1287 1752 -victis
1299 1701 1356 1754 Tu·

278 1782 354 1836 nullo
363 1777 454 1833 addito
463 1781 691 1852 college,consuli
702 1781 792 1836 Fabio.
835 1783 979 1836 reatinis...
1002 1795 1067 1834 tnnc
1091 1780 1209 1852 primum
1232 1781 1357 1851 populus

279 1863 312 1914 In
333 1863 430 1932 Regu
452 1857 512 1913 cod.
533 1861 638 1932 legitur,
659 1862 692 1932 Q.
710 1863 744 1915 0.
761 1861 791 1916 C.
836 1865 962 1914 sumanus
973 1860 1130 1932 argentouti
1143 1859 1251 1930 erepit·
1263 1861 1358 1914 Verre

279 1941 369 1993 Fabio.
378 1937 460 1992 Unde
470 1941 706 2013 Canterus,Antiq.
716 1943 793 1995 Lect.
837 1954 927 1994 tumen
940 1940 1012 2012 apud
1026 1940 1129 1994 Cburis.
1143 1940 1239 1992 Annal.
1252 1939 1304 1991 lib.
1322 1941 1354 2008 1,

187 2035 191 2042 ·
279 2021 328 2074 lib.
339 2021 377 2084 ll,
389 2019 675 2090 cap.rrr‚legendum
688 2021 731 2074 hic
742 2039 793 2091 pu·
836 2021 876 2074 sic
899 2021 1036 2092 scripsit:
1067 2021 1239 2074 -nummum
1258 2037 1360 2090 ergen-

281 2111 337 2166 tat,
351 2101 384 2169 Q.
400 2099 524 2168 Ogulnio,
539 2099 570 2154 C.
583 2099 661 2152 Fabio
674 2102 794 2153 uvisve·
837 2114 909 2154 teum
935 2099 1080 2153 condatum
1105 2100 1223 2170 primum
1253 2117 1269 2152 n
1293 2101 1357 2155 Ser.

281 2199 342 2234 rum
358 2177 431 2230 lmud
449 2177 577 2232 credibile
597 2192 637 2233 est
653 2181 794 2233 librarium
837 2181 928 2234 Tullio
939 2178 1042 2233 dicunt.
1059 2205 1070 2228 ι
1090 2177 1143 2232 Sed
1156 2178 1207 2231 huc
1223 2179 1359 2248 loquendi

280 2259 396 2312 voluisse
407 2257 462 2310 solu
474 2258 559 2312 littera
573 2260 598 2312 0
610 2259 744 2328 Ogulnium
756 2261 796 2312 in·
838 2260 925 2313 forma
936 2262 1062 2312 obscuros
1074 2277 1129 2312 csse
1139 2260 1216 2310 famae
1226 2259 1300 2310 illius
1312 2279 1359 2312 uu·

281 2338 373 2410 telligi.
394 2337 488 2408 ltaque
505 2339 572 2392 nihil
590 2337 745 2393 mutandum
766 2340 795 2392 in
838 2351 925 2393 ctores
942 2339 1079 2409 significat.
1100 2338 1161 2390 Scio
1180 2338 1213 2390 Τ.
1236 2339 1358 2392 Minucii

282 2417 459 2488 suscriptum
475 2436 629 2484 censemus,
642 2439 721 2491 quum
736 2439 795 2472 om·
838 2417 984 2491 Augustini
1001 2437 1142 2471 nummum
1158 2418 1292 2489 proferri,
1307 2419 1359 2472 sed

282 2518 328 2552 nes
344 2497 407 2551 libri
421 2509 521 2553 veteres
537 2500 671 2555 exhibent.
689 2500 796 2553 TrIum·
839 2502 895 2571 ejus
905 2518 959 2553 esse
969 2517 1047 2571 nego,
1061 2499 1108 2569 qui
1120 2500 1213 2551 consul
1228 2499 1358 2553 scitante

282 2579 336 2632 viri
352 2578 490 2631 monetalis
500 2597 532 2632 ex
546 2593 623 2650 gente
639 2580 734 2643 Fabiu,
746 2580 795 2633 bo·
839 2580 895 2634 sere
905 2599 940 2632 xc
956 2598 1035 2651 quam
1049 2592 1165 2649 emptum
1177 2579 1209 2631 sit
1219 2579 1358 2633 Punicum

283 2656 381 2729 dieque
402 2677 535 2712 nummus·
550 2672 631 2713 exstat
650 2660 678 2711 iu
700 2660 795 2712 llluseo
838 2659 958 2712 bellum:
976 2661 1051 2731 cujus
1067 2659 1101 2709 sit
1119 2671 1208 2712 tumen
1225 2677 1359 2714 nummus

283 2737 423 2791 Purisiensi
445 2751 552 2803 nostro,
573 2741 650 2809 cujus
668 2752 795 2810 ectypum
839 2737 897 2805 ille,
909 2738 1060 2793 obscurum.
1077 2738 1170 2791 Hunn.

283 2817 392 2871 Petinus
410 2816 531 2882 exhibet,
550 2818 578 2871 in
595 2832 673 2889 gente
696 2819 795 2885 Fabiu,
882 2826 928 2882 ²4·
943 2819 980 2870 Et
996 2819 1092 2889 placuit
1108 2818 1242 2870 denarium.
1256 2816 1362 2873 Subin-

283 2900 345 2969 p'ug.
367 2914 430 2967 107,
451 2915 513 2951 cum
532 2898 581 2951 hnc
600 2897 745 2969 epigraphe
763 2917 795 2951 ex
840 2897 945 2967 tellige,
966 2911 995 2950 ut
1021 2898 1107 2963 intra,
1129 2897 1283 2969 permutari.
1311 2900 1359 2953 sic

284 2995 374 3031 eversu
388 2987 476 3047 parte,
501 2996 544 3031 nx.
563 2997 588 3031 u.
608 2995 651 3031 rr.
672 2977 724 3031 boc
741 2991 795 3045 est,
839 2977 911 3031 enim
925 2978 1117 3047 Mssutegu,
1130 2977 1230 3035 etalii,
1243 2996 1301 3029 uon
1313 2980 1361 3032 de·

284 3078 315 3110 es
325 3068 426 3125 urgento
437 3076 510 3127 puro,
521 3076 567 3110 seu
582 3056 672 3128 potius
680 3056 796 3127 publium·
840 3059 1111 3127 insimulantium,
1132 3070 1162 3109 ut
1177 3055 1263 3109 editi:
1285 3076 1359 3129 quo·

284 3156 316 3191 ex
328 3133 435 3189 adversa
444 3136 592 3207 suntbigte,
603 3153 664 3189 cum
676 3136 793 3202 ciconia,
838 3135 948 3190 rumvel
956 3156 988 3189 ex
999 3156 1031 3191 eo
1042 3134 1267 3215 efrordetegitur,
1278 3137 1359 3208 quod

284 3213 358 3288 qnod
369 3216 456 3267 Fabiu
464 3217 548 3287 gentis
559 3216 672 3287 insigne,
681 3216 795 3271 subscri·
840 3216 927 3270 stetim
947 3220 1077 3269 sestertium
1102 3220 1144 3268 vel
1157 3216 1217 3285 ipsi
1241 3234 1359 3289 quoque

283 3297 539 3367 biturquc,c.run1.
557 3313 581 3349 u.
598 3314 623 3348 n.
639 3294 690 3348 Sed
706 3308 732 3349 et
748 3315 794 3349 sn·
839 3296 937 3367 legent.
964 3297 1050 3349 Porro
1067 3295 1190 3349 denarius
1210 3308 1359 3367 argenteus

284 3394 350 3427 num
368 3374 539 3440 refluximus,
559 3394 613 3447 quo
630 3375 796 3429 consulatum
841 3370 1011 3445 (cujusmodi
1031 3388 1093 3428 sunt
1108 3374 1261 3429 consulares
1273 3377 1360 3449 pleri·

283 3455 365 3507 ambo
395 3454 503 3524 gessisse
527 3453 669 3520 dicuntur,
699 3472 797 3527 nempe
841 3452 914 3526 que),
928 3454 1025 3507 sicum
1040 3458 1360 3526 monetcnostruproba·

286 3533 495 3587 CCCCLXXX
496 3534 528 3599 V,
541 3553 625 3606 quum
645 3536 797 3587 centenario
841 3534 940 3587 tissima
952 3554 984 3586 ex
996 3547 1103 3606 urgento
1115 3548 1304 3605 componatur,
1319 3537 1359 3590 le·

284 3614 389 3683 integro
415 3611 520 3667 codices
547 3626 603 3667 tum
632 3613 709 3667 MSS.
738 3626 796 3667 tum
840 3613 1211 3684 gitimuaestimutioneuelere
1222 3613 1359 3669 dicendus

284 3691 349 3746 editi
364 3692 528 3763 discrepent,
544 3693 679 3764 inquibus
691 3693 796 3763 legitur,
840 3707 878 3747 est
892 3712 959 3747 usses
976 3712 1056 3746 tereos
1071 3694 1182 3747 omnino
1194 3707 1274 3746 octo:
1292 3697 1358 3765 qui·

285 3770 459 3826 CCCCCLX
458 3772 518 3824 XX
519 3772 547 3823 V
546 3812 553 3837 ,
570 3772 712 3826 centenurii
734 3786 796 3827 nota
839 3773 945 3840 narius,
955 3786 1069 3845 quatuor
1080 3792 1087 3825 ε
1100 3773 1251 3840 sestertius,
1264 3774 1356 3829 binos.

285 3850 410 3919 videlicet
425 3850 584 3906 abundante.
607 3853 646 3905 Eo
661 3865 732 3906 certe
749 3872 795 3905 an·
839 3853 899 3906 Scio
910 3855 943 3906 ub
952 3852 1059 3927 erudito
1068 3853 1181 3917 vir0,in
1190 3852 1356 3926 Mestigoph.

283 3932 414 4003 umquem
428 3930 569 3996 edidimus,
581 3934 702 3987 consules
715 3930 795 3987 luisse
843 3950 888 3998 rr,
900 3951 960 4005 pag.
974 3933 1019 3994 31,
1034 3946 1086 3986 eta
1100 3930 1247 3995 Gassendo,
1260 3932 1288 3984 iu
1302 3953 1356 4005 up·

284 4011 319 4075 Q.
337 4010 485 4083 Ogulnium
506 4012 629 4077 Gullnm,
650 4026 676 4065 et
695 4012 725 4066 C.
743 4013 794 4066 Fu·
839 4010 952 4083 pendice
969 4012 1003 4065 ud
1024 4013 1067 4065 111
1087 4025 1151 4067 tom.
1167 4012 1267 4065 Philos.
1284 4012 1356 4084 Epi·

181 4149 183 4153 y
283 4090 358 4144 bium
372 4091 503 4145 Pictorem
519 4092 589 4146 Festi
604 4090 793 4147 trudunt:ncc
836 4092 1356 4160 curi,minoristestimuri:luxurienim
