2950 5000
425 435 601 504 LIBER
610 437 678 504 XX
688 431 793 504 XVI.
1077 425 1148 504 505

145 568 241 636 Parva
259 580 337 636 suut
361 581 501 655 cuncta,
518 593 592 662 quae
609 567 767 654 diximus,
787 581 820 636 et
842 567 953 636 omnia
977 566 1034 634 uni
1059 591 1148 636 com·
1166 591 1182 644 7

103 672 230 766 paranda
241 671 402 742 miraculo
410 688 612 768 antequam
625 697 712 742 nova
727 674 898 768 attingam.
915 673 962 742 Μ.
976 657 1137 768 Lepido³⁰
1139 722 1148 755 ,

103 781 138 866 Q
148 777 258 848 Catulo
278 797 363 848 coss.
379 793 418 847 ut
440 794 571 849 constat
590 782 677 848 inter
690 779 956 874 diligentissimos
979 793 1150 862 auctores,

102 883 203 953 domus
219 884 366 981 pulcrior
384 909 453 954 non
476 886 539 954 tuit
558 889 675 956 Romae
690 909 790 981 quarn
809 885 956 980 Lepidi
947 870 1092 980 ipsius³.
1073 883 1152 953 ¹.At

101 989 242 1059 hercule
233 1007 321 1061 rutra
340 1015 446 1061 annos
460 1015 560 1062 xxxv
580 992 697 1062 eadem
715 994 932 1062 centesimum
953 989 1062 1060 locum
1083 1013 1151 1058 non

101 1095 238 1169 obtinuit
260 1100 470 1192 Computet
460 1123 494 1166 m
512 1098 577 1168 hac
594 1099 830 1181 aestimatione,
851 1123 908 1192 qur
900 1095 1038 1185 ',volet
1059 1121 1152 1166 mar-

101 1227 215 1272 morum
226 1203 348 1273 molem
358 1205 676 1301 ,operapictorum,
690 1204 857 1299 impendia
872 1202 1011 1298 regalia,
1027 1217 1060 1272 et
1075 1227 1152 1272 curn

100 1295 342 1401 pulcherrima³²
363 1308 652 1405 laudatissimaque
675 1324 841 1380 certantes
862 1330 994 1379 centum
1016 1309 1152 1379 domos:

100 1429 264 1511 posteaque
277 1440 334 1486 eas
345 1417 388 1506 ab
398 1414 692 1486 innumerabilibus
706 1415 796 1486 aliis
789 1443 822 1485 m
836 1416 926 1486 hunc
941 1407 1027 1484 diem
1040 1417 1153 1485 victas.

100 1521 238 1592 Profecto
250 1521 404 1592 incendia
414 1524 557 1617 puniunt
574 1523 705 1593 luxum:
722 1547 784 1592 uec
803 1537 915 1592 tamen
933 1520 1021 1592 effici
1035 1535 1155 1617 potest,

100 1645 131 1696 ut
143 1653 247 1698 mores
261 1626 413 1722 aliquid
404 1655 476 1723 ipso
490 1629 626 1699 homine
640 1627 813 1698 mortalius
826 1627 1021 1723 intelligant

142 1733 272 1804 sedeas
290 1759 406 1804 omnes
421 1734 495 1804 duae
511 1734 631 1806 domus
649 1737 814 1806 vicerunt
836 1735 890 1804 Bis
909 1719 1082 1804 vidimus³³
1097 1758 1153 1802 ur·
1172 1747 1189 1800 8

100 1831 163 1908 Βιιιι
182 1856 289 1910 totam
307 1841 395 1936 cingi
387 1841 566 1911 domibus
586 1843 793 1937 principum,
816 1825 923 1910 Caii³
942 1855 976 1910 et
994 1841 1157 1972 Neronis,

99 1959 126 2014 et
141 1946 236 2040 hujus
261 1946 411 2040 quidem,
433 1972 476 2016 ne
493 1949 574 2042 quid
596 1948 739 2034 deesset,
759 1971 870 2016 aurea.
892 1931 1088 2016 Νίιιιίιιιιιι35
1111 1947 1158 2016 sic

95 2049 278 2122 habitarunt
299 2051 362 2137 illi,
383 2077 441 2147 qm
433 2054 551 2123 hoc'
543 2056 719 2150 imperium
740 2053 865 2140 fecere,
883 2068 991 2122 tantas
1012 2051 1054 2121 ad
1076 2053 1154 2120 vin·

98 2157 207 2228 cendas
216 2174 332 2254 gentes
341 2160 595 2256 triumphosque
604 2161 796 2231 referendos
805 2160 847 2230 ab
856 2176 967 2231 aratro
983 2144 1052 2230 ιιιιι3
1053 2144 1156 2230 ⁶soco

97 2361 212 2417 misique.
220 2343 320 2398 lude
295 2364 321 2398 er
328 2358 399 2400 certe
409 2346 491 2399 Prisci
498 2364 599 2418 cogno-
644 2345 757 2417 illiusju
772 2347 873 2400 Palatio
885 2345 981 2400 tuis:
973 2346 1074 2400 istiusa
1091 2345 1162 2400 colle

98 2442 153 2478 usn
168 2425 257 2480 verim
272 2425 452 2480 existimamus
467 2425 600 2492 inditum,
644 2427 766 2480 Palatino
776 2426 930 2500 Palatioque
938 2425 1093 2497 principum
1102 2464 1110 2491 ,
1119 2439 1162 2480 to-

97 2523 171 2576 quam
188 2524 220 2559 cs
238 2524 271 2559 eo
288 2504 363 2577 quod
375 2507 489 2560 alterum
501 2526 601 2577 coguo-
645 2520 684 2561 tas
700 2508 785 2561 ferme
798 2507 934 2579 Esquilias
951 2506 1092 2578 occupavit
1109 2524 1117 2559 τ
1132 2519 1163 2560 ut

96 2585 370 2657 niuem'l'arquinium
379 2587 514 2658 praecessit
523 2608 529 2638 ι
538 2604 601 2640 uam
645 2606 700 2641 nou
713 2587 850 2640 immerito
863 2585 896 2640 de
907 2606 937 2639 ea
951 2587 1079 2639 Martialis
1092 2587 1162 2641 ceci·

94 2665 263 2719 ulruccausa
276 2665 361 2731 foret,
376 2678 479 2720 tantum
489 2666 602 2739 Tarqui·
645 2667 757 2719 neritia
771 2667 891 2738 Spectsc.
903 2667 989 2731 libro,
1003 2666 1097 2739 Epigr.
1113 2686 1137 2721 ιι
1153 2685 1160 2719 :

94 2744 154 2797 nius
167 2747 249 2817 prior,
268 2758 298 2799 ut
322 2746 464 2800 Africanus
481 2747 568 2817 prior,
587 2764 603 2799 s
649 2772 661 2795 ι
678 2748 794 2818 Unaque
804 2748 858 2818 jam
876 2759 930 2799 tota
946 2747 1030 2800 stabat
1045 2747 1073 2799 in
1090 2747 1160 2799 urbe

95 2824 193 2891 Plinio,
205 2825 300 2886 credo,
315 2823 457 2879 diceretur.
470 2827 563 2880 lino.
646 2824 752 2880 domus.
768 2851 779 2873 ι
794 2826 886 2880 Simile
900 2824 972 2879 istud
983 2824 1163 2899 Olympiodo-

135 2904 436 2975 3o.M‚[aepido.Anno
448 2906 603 2975 postSylloe
645 2907 685 2969 ri,
712 2906 741 2958 in
771 2906 841 2958 Bibl.
868 2906 957 2959 Pbotii
987 2905 1046 2960 cod.
1073 2924 1163 2971 unu,

94 2982 192 3039 obitum
205 3003 212 3039 ε
231 2984 315 3038 Urbis
334 2986 406 3058 676,
422 2996 454 3038 ut
467 2982 600 3051 diximus,
646 3004 706 3057 pug.
719 3004 771 3055 ¹97
784 3003 791 3039 ε
804 2976 844 3045 Εἷς
856 2981 933 3055 dipsa
945 2986 992 3045 ἅςυ
1003 2988 1082 3051 ritas,
1093 2986 1163 3047 πόλις

94 3082 149 3136 esp·
165 3067 190 3120 8.
204 3064 296 3118 Raso.
648 3065 713 3127 ᾶςιιι
721 3065 891 3135 μυρίατιύχιι.
906 3089 919 3113 s
929 3064 1094 3118 Unsdomus
1101 3066 1164 3118 urbs

134 3142 179 3198 31.
203 3144 292 3213 Lepidi
315 3146 399 3214 ipsius
422 3144 476 3210 Qui
500 3144 605 3216 primus
648 3142 1019 3216 cstzurbsoppidaplurimu
1033 3143 1160 3198 claudit.»

95 3240 207 3276 mmor
217 3222 394 3276 Numidicum
402 3224 514 3290 invexit,
524 3242 604 3296 supra
647 3224 805 3289 Suetonius,
819 3225 846 3276 iu
865 3223 985 3284 Nerone,
1001 3242 1059 3295 cap.
1075 3240 1163 3279 xxrr:

95 3308 179 3375 csp.6
194 3304 275 3374 hujus
286 3304 359 3357 libri.
374 3304 444 3357 Dur.
651 3330 663 3354 ι
675 3306 791 3357 Domum
802 3303 925 3357 sPalstio
938 3304 1073 3376 Esquilias
1081 3322 1165 3375 usque

132 3382 178 3437 32.
204 3385 244 3436 Et
270 3403 324 3435 cous
343 3384 513 3453 pclclimimo.
535 3382 605 3437 Cum
648 3384 726 3450 iecit,
750 3402 829 3457 qoam
855 3384 944 3453 primo
968 3384 1165 3449 transitoriam,

94 3460 129 3515 st.
142 3462 240 3534 Lepidi
253 3461 346 3517 domo.
361 3462 454 3517 Hono.
647 3482 709 3517 nior
734 3462 862 3517 incendio
882 3464 1066 3536 absumptam,
1089 3465 1165 3517 resti·

132 3542 178 3597 33.
190 3543 236 3596 Bis
250 3543 364 3597 vidimus.
379 3542 524 3613 Vulgutum
536 3542 604 3597 illud
649 3556 794 3615 tutumque,
805 3544 920 3597 Auream
928 3544 1161 3609 nominantem.

94 3619 262 3676 inermem
276 3620 549 3677 deNeronecarmen
563 3642 606 3677 re·
647 3625 683 3677 Et
697 3624 725 3677 in
748 3623 870 3689 Othone,
891 3642 950 3695 cap,
965 3642 1007 3677 ιιι
1024 3642 1031 3677 r
1049 3649 1061 3673 ι
1078 3622 1166 3688 Quin·

95 3699 154 3755 citat
181 3702 374 3774 Tranquillus,
398 3702 427 3754 in
454 3704 511 3774 ejus
533 3696 604 3767 sits,
648 3704 750 3776 genties
770 3702 917 3757 sestertium
937 3701 972 3757 ud
986 3701 1164 3776 peragendam

94 3797 149 3851 esp.
163 3801 265 3837 xxxix:
287 3807 300 3830 ι
316 3784 402 3835 lionis
422 3780 520 3837 domus
532 3783 602 3837 liet.
596 3806 602 3818 ·
650 3784 755 3837 Neronis
769 3784 883 3837 Auream
897 3782 1007 3836 domurn
1025 3784 1092 3836 omo
1108 3784 1168 3836 sub·

94 3858 173 3915 Veios
185 3864 314 3933 migrate,
327 3860 445 3927 Quirites
458 3862 502 3916 :Si
515 3876 609 3918 nones
650 3863 791 3934 scripsit.
779 3863 900 3915 »Horu

97 3939 174 3994 Veios
187 3954 305 4013 occupat
321 3942 369 3995 ista
385 3939 516 3995 domus·
532 3942 568 3995 ll.
693 3942 739 3997 35.
755 3944 884 3999 Nimirum.
906 3942 1012 3995 Dictum
1029 3942 1165 4013 εἰρωνικῶς.

134 4018 189 4084 34:
204 4022 262 4076 Caii
282 4034 307 4073 et
332 4022 445 4076 Neronis.
466 4020 523 4075 Caii
542 4022 609 4077 Ger·
652 4024 746 4079 How

97 4101 323 4168 namucensis,
335 4101 494 4157 etNerouis.
505 4102 609 4157 Domus
695 4102 740 4158 36.
759 4104 800 4157 Aa
816 4114 899 4156 aratro
914 4114 958 4155 ιιι
965 4101 1034 4171 soso
1052 4102 1092 4155 Ab
1108 4119 1166 4155 am-
