2950 5000
450 425 607 495 LIBER
635 429 838 503 XXXVII.
1108 443 1180 518 605

114 558 228 628 musis.
245 555 377 626 Nullius
390 555 510 627 coloris
527 573 680 653 aspectus
688 562 870 653 jucundior
885 583 943 637 est.
958 575 1041 643 Nam
1059 576 1179 651 herbas

112 688 243 757 quoque
260 666 404 732 virentes
424 663 625 759 frondesque
643 667 739 736 avide
758 686 968 763 spectamus:
988 686 1180 779 smaragdos

111 792 195 838 vero
210 782 302 838 tanto
319 760 495 853 libentius,
512 772 668 863 quoniam
684 774 766 842 nihil
783 780 919 847 omnino
936 784 1072 856 viridius
1090 815 1181 861 com·

112 890 263 968 paratum
283 873 346 943 illis
368 862 479 943 viret³.
507 878 668 946 Praeterea
693 868 776 948 solil
797 908 1002 976 gemmarum
1030 899 1215 967 contuitus

111 979 226 1049 oculos
251 980 406 1075 implent,
433 1005 496 1050 nec
521 984 650 1050 satiant.
675 984 766 1072 Quin
791 1002 824 1057 et
849 992 891 1059 ab
915 995 1096 1068 intentione
1118 1002 1183 1072 alia

112 1085 305 1170 obscurata,
324 1100 460 1180 aspectu
487 1087 652 1181 smaragdi
673 1106 844 1163 recreatur
869 1100 966 1169 acies.
992 1104 1178 1200 scalpenti-

109 1191 237 1286 busque
253 1216 400 1286 gcmmas
418 1218 487 1261 non
505 1191 568 1260 alia
587 1182 734 1286 gratior⁵
757 1200 930 1271 oculorum
952 1207 1087 1280 refectio
1105 1228 1178 1284 est:

111 1298 156 1365 ita
176 1296 273 1366 viridi
293 1296 427 1366 lenitate
450 1297 674 1367 lassitudinem
696 1302 853 1375 mulcent.
870 1312 1033 1383 Praeterea
1048 1314 1181 1414 longin-

109 1427 176 1495 quo
190 1402 436 1496 amplificantur
449 1405 521 1472 visu
531 1388 556 1489 ⁶,
583 1404 771 1481 inficientes
787 1413 876 1481 circa
897 1440 931 1483 se
947 1442 1178 1513 repercussum

110 1508 222 1576 aera⁷:
247 1533 315 1577 non
334 1507 403 1577 sole
422 1496 569 1595 mutati⁸,
589 1534 658 1578 non
677 1513 817 1603 umbra,
833 1544 899 1588 non
914 1520 1073 1614 lucernis,
1093 1554 1180 1599 sem·

109 1638 235 1708 perque
253 1615 375 1684 sensim
395 1614 577 1703 radiantes,
598 1630 632 1685 et
651 1618 760 1689 visum
779 1621 1011 1718 admittentes,
1030 1632 1070 1701 ad
1092 1660 1182 1707 cras·

108 1838 238 1911 nmquis,
251 1840 369 1892 maxime
386 1839 495 1903 Maria,
507 1837 621 1891 Houorii
665 1837 694 1892 in
710 1843 786 1914 aquia
797 1846 849 1900 hoc
860 1848 938 1903 etiam
952 1854 1042 1923 jurare
1052 1857 1089 1910 ait
1099 1870 1125 1912 et
1135 1858 1181 1914 de·

108 1919 387 1989 imperatorisnxoris.
400 1917 486 1972 Pedes
497 1919 557 1972 solii
575 1918 622 1971 im·
666 1918 778 1987 lecture,
800 1926 820 1977 si
839 1927 920 1981 vitrea
942 1934 1128 2005 perspicuitate
1141 1942 1181 1994 vi-

107 1999 238 2068 peratoris
251 1998 361 2051 Turcici
374 1994 385 2059 (
397 2010 426 2050 ut
437 1988 543 2066 fertur)
554 2015 622 2050 sma—
666 2016 725 2053 sum
746 2002 780 2055 ad
797 2004 878 2058 imum
899 2028 982 2081 usque
1002 2014 1115 2068 fundum
1136 2018 1181 2073 ad·

107 2075 197 2148 ragdis
207 2077 317 2148 fulgent
334 2077 402 2130 Sunt
415 2088 503 2129 tamen
517 2077 562 2148 qni
576 2096 622 2130 re·
666 2080 782 2135 mittant.
797 2082 829 2137 Et
843 2087 922 2157 paulo
934 2102 993 2159 post
1003 2092 1078 2164 lege:
1094 2122 1104 2142 ι
1116 2098 1182 2152 Pro.

107 2156 159 2209 lint
191 2175 285 2209 veruna
314 2156 481 2227 smaragdum
508 2157 627 2227 reperiri⁴
667 2159 764 2212 simam
795 2162 900 2218 laudem
930 2169 1028 2225 habent
1061 2174 1128 2229 sicut
1155 2190 1182 2233 et

108 2247 213 2289 nutum
227 2236 254 2287 in
268 2237 402 2289 Ameriea.
418 2237 580 2289 Biton—Et
592 2238 621 2289 iu
666 2237 774 2305 mdem,
797 2242 929 2299 Bactriani
950 2249 977 2301 in
998 2256 1179 2311 commissuris

106 2315 170 2369 Asia
184 2333 295 2386 quoque
310 2315 443 2369 orientali.
458 2316 511 2369 En.
666 2335 790 2373 saxorum
821 2324 946 2395 colligere
976 2347 1024 2383 eos
1053 2332 1182 2391 dicuntur

148 2393 176 2446 3.
192 2396 369 2447 duumuiro
383 2396 486 2447 viridius
497 2414 622 2466 conspetu·
666 2397 761 2452 Etesiis
774 2399 919 2458 flantibus:
936 2412 1084 2465 tuncenim
1097 2416 1176 2468 tellu·
1252 2425 1257 2437 ’

107 2484 158 2528 tuas
179 2474 228 2526 illis
256 2478 324 2527 viret.
347 2475 411 2547 [ις.
437 2502 448 2523 ι
463 2474 622 2546 Smaragdos
667 2494 696 2530 re
712 2491 802 2550 aperta
824 2483 927 2550 nitent,
954 2501 1027 2543 etc·
1046 2492 1080 2546 Et
1099 2496 1181 2565 paulo

106 2573 172 2607 reru
186 2566 260 2608 tanto
281 2555 419 2620 libentius,
432 2556 561 2627 qnoniam
580 2555 622 2606 ni·
666 2571 750 2628 post:
775 2586 787 2608 ι
801 2561 922 2618 Tertium
947 2568 1034 2622 locum
1061 2575 1182 2645 AEgyptii

106 2635 145 2687 lsil
174 2635 285 2687 omnino
311 2632 426 2687 viridius
448 2646 620 2707 comparatu,
666 2636 839 2712 habent,qui
851 2659 982 2701 eruuntur
993 2650 1061 2704 circa
1072 2654 1181 2725 Copton

105 2727 158 2767 etc.
173 2739 186 2760 ι
198 2713 284 2768 Saura.
666 2716 781 2784 incolis,
797 2739 829 2773 ex
841 2725 977 2790 cautibus,
994 2753 1005 2774 ι
1019 2729 1048 2782 id
1062 2746 1118 2798 est,
1132 2735 1180 2806 qui

148 2800 175 2858 4.
193 2793 318 2846 Praeterea
337 2795 398 2854 soli,
422 2806 472 2848 etc.
496 2793 621 2858 Solinus,
667 2805 1181 2868 eruunturexcautibusabincoliscirca

105 2872 350 2946 ex‘l'heoplrrasto,
364 2886 391 2927 et
405 2872 543 2940 Isidorus,
557 2874 621 2927 locis
667 2876 784 2946 Copton.
801 2881 917 2936 Ssnxsa.
937 2917 974 2927 —
992 2888 1182 2962 Amplificentur

105 2952 201 3006 citatis.
217 2954 310 3006 Haeo.
666 2960 731 3008 nisu.
749 2956 879 3013 Praeterea
900 2980 931 3015 ex
950 2965 1030 3036 longo
1049 2971 1127 3040 spatii
1142 2973 1181 3024 in.

148 3033 175 3086 5.
202 3031 413 3104 ,ςεαᾲιιηῑίὖωφω
441 3053 548 3104 gemmas
574 3051 622 3085 nou
668 3035 779 3088 tervallo
790 3039 880 3092 oculos
892 3041 998 3107 feriunt,
1011 3059 1037 3099 et
1050 3050 1179 3120 amplissi-

105 3113 159 3164 «tta
176 3116 282 3182 parur.
303 3113 427 3172 Solinus,
445 3113 506 3166 loco
520 3113 621 3170 citato:
667 3132 737 3167 marn
750 3117 877 3172 emittunt
892 3139 924 3172 ex
937 3141 965 3174 se
977 3123 1072 3179 lucem.
1088 3129 1179 3184 lisan.

109 3216 122 3238 ι
136 3190 243 3243 Deinde
260 3193 369 3244 obtutus
388 3191 509 3262 fatigatos
525 3192 622 3245 coloris
709 3213 736 3264 7.
753 3195 887 3265 Inficientes
899 3203 963 3252 cirea
977 3223 1003 3254 se
1020 3224 1180 3276 reparaturum

106 3269 234 3324 reficiunt
243 3270 368 3324 lenitate:
383 3289 445 3324 nam
455 3271 542 3334 visus,
552 3291 623 3343 quos
668 3293 734 3325 aem.
749 3274 848 3329 Eadem
864 3281 972 3350 ambage
981 3288 1122 3349 semonia,
1136 3289 1181 3342 So-

111 3349 223 3402 alterius
245 3368 355 3420 gemmae
373 3351 462 3421 fulgor
478 3350 623 3415 retuderit,
668 3353 748 3418 linus,
764 3373 822 3426 pag.
836 3357 872 3411 36
890 3379 897 3409 ε
913 3385 925 3406 ι
941 3361 1061 3417 Proxima
1079 3367 1130 3420 sihi
1141 3369 1181 3422 in·

112 3429 246 3500 smaragdi
265 3442 388 3483 recreant
404 3442 431 3482 et
455 3443 595 3484 exacuunt.
608 3456 619 3478 ι
669 3433 764 3486 licium
775 3453 834 3488 aere
845 3457 1027 3508 repercusso·
1042 3445 1178 3513 Isidorus,

105 3507 200 3561 Hans).
669 3511 719 3566 loe.
739 3514 783 3566 cit.
801 3540 812 3562 ι
827 3517 953 3572 Inliciunt
969 3521 1042 3575 circa
1050 3543 1077 3576 se
1089 3525 1180 3580 viridi·

148 3592 178 3641 6.
195 3587 386 3659 Amplr‘fieantur
404 3593 473 3655 nisu,
496 3602 545 3643 ete.
561 3593 623 3643 Am·
670 3605 722 3644 tate
731 3613 914 3665 repercussum
923 3615 1038 3654 aerem.»
1052 3603 1178 3660 Albertus

106 3667 221 3738 pliiioari
234 3669 291 3720 visu
298 3668 444 3740 longinquo
453 3669 554 3733 scribit,
560 3672 622 3742 quia
668 3672 781 3742 Magnus
794 3673 828 3726 de
838 3675 933 3730 Miner.
950 3679 997 3732 lib.
1012 3682 1049 3746 11,
1061 3701 1088 3752 p.
1105 3685 1179 3754 239:

106 3765 195 3800 aerem
208 3748 259 3799 sibi
270 3747 387 3800 ricinum
396 3749 552 3813 inlicientes,
562 3770 621 3821 quae
670 3752 810 3804 -Viciuum
818 3773 902 3807 aerem
911 3775 955 3810 sua
967 3758 1070 3813 videtur
1079 3763 1180 3835 tingere

106 3828 230 3897 proxima
243 3842 321 3891 sunt,
335 3829 505 3880 immoetiarn
518 3830 622 3900 longin-
667 3830 812 3885 viriditate.
827 3859 837 3880 ι
854 3833 942 3889 Haau.

108 3924 174 3976 qua,
186 3905 302 3960 ridenda
316 3905 423 3960 tradant
440 3909 523 3961 oculis
540 3908 621 3963 viridi
707 3912 732 3963 8.
745 3912 803 3963 Non
816 3913 867 3964 sole
882 3920 974 3970 mutati.
992 3917 1047 3971 Nec
1060 3920 1114 3988 sol,
1128 3943 1178 3978 nec

108 3986 200 4038 colore
208 3985 315 4039 infecta.
330 3987 366 4039 Et
379 3987 461 4056 paulo
471 4001 532 4056 post
539 3988 599 4060 lego
612 4011 619 4042 ε
666 3990 779 4054 umbra,
791 4010 839 4044 uec
853 3997 984 4061 lucernae,
995 3996 1111 4055 viridam
1120 4023 1178 4057 earn

110 4087 122 4108 ·
132 4063 207 4136 quod
219 4066 298 4119 etiam
309 4065 339 4118 in
352 4066 427 4140 aquis
438 4085 487 4119 nos
498 4069 591 4137 juvat3
606 4094 617 4115 ι
667 4068 826 4124 viriditatem
843 4073 976 4128 auferunt.
996 4075 1085 4133 Hrnn.
