<?xml version="1.0" encoding="UTF-8"?>
<!DOCTYPE html PUBLIC "-//W3C//DTD XHTML 1.0 Transitional//EN"
    "http://www.w3.org/TR/xhtml1/DTD/xhtml1-transitional.dtd">
<html xmlns="http://www.w3.org/1999/xhtml" xml:lang="en" lang="en">
 <head>
  <title>
</title>
<meta http-equiv="Content-Type" content="text/html;charset=utf-8" />
  <meta name='ocr-system' content='tesseract 3.04.00' />
  <meta name='ocr-capabilities' content='ocr_page ocr_carea ocr_par ocr_line ocrx_word'/>
</head>
<body>
  <div class='ocr_page' id='page_1' title='image "./caiipliniisecun01plingoog_0156.png"; bbox 0 0 2950 5000; ppageno 0'>
   <div class='ocr_carea' id='block_1_1' title="bbox 425 442 1138 555">
    <p class='ocr_par' dir='ltr' id='par_1_1' title="bbox 425 442 1138 555">
     <span class='ocr_line' id='line_1_1' title="bbox 425 442 1138 555; baseline 0.014 -29"><span class='ocrx_word' id='word_1_1' title='bbox 425 460 576 527; x_wconf 73' lang='lat' dir='ltr'><strong>ursan</strong></span> <span class='ocrx_word' id='word_1_2' title='bbox 613 461 819 537; x_wconf 63' lang='lat' dir='ltr'>xxx1v„</span> <span class='ocrx_word' id='word_1_3' title='bbox 903 442 906 447; x_wconf 68' lang='grc'>“</span> <span class='ocrx_word' id='word_1_4' title='bbox 1073 470 1138 555; x_wconf 69' lang='lat'><strong>145</strong></span> 
     </span>
    </p>
   </div>
   <div class='ocr_carea' id='block_1_2' title="bbox 32 588 1164 2062">
    <p class='ocr_par' dir='ltr' id='par_1_2' title="bbox 32 588 1164 2062">
     <span class='ocr_line' id='line_1_2' title="bbox 98 588 1138 688; baseline 0.02 -35"><span class='ocrx_word' id='word_1_5' title='bbox 98 588 232 657; x_wconf 83' lang='lat' dir='ltr'><strong>memhris</strong></span> <span class='ocrx_word' id='word_1_6' title='bbox 256 592 403 683; x_wconf 89' lang='lat' dir='ltr'><strong>ipsorum</strong></span> <span class='ocrx_word' id='word_1_7' title='bbox 431 589 640 659; x_wconf 80' lang='lat' dir='ltr'><strong>similitudine</strong></span> <span class='ocrx_word' id='word_1_8' title='bbox 673 616 847 687; x_wconf 86' lang='lat' dir='ltr'><strong>expressa,</strong></span> <span class='ocrx_word' id='word_1_9' title='bbox 876 617 959 688; x_wconf 85' lang='lat' dir='ltr'><strong>quas</strong></span> <span class='ocrx_word' id='word_1_10' title='bbox 995 598 1138 675; x_wconf 82' lang='lat' dir='ltr'><strong>iconicas</strong></span> 
     </span>
     <span class='ocr_line' id='line_1_3' title="bbox 95 681 1137 791; baseline 0.021 -34"><span class='ocrx_word' id='word_1_11' title='bbox 95 705 199 761; x_wconf 79' lang='lat' dir='ltr'><strong>vocant</strong></span> <span class='ocrx_word' id='word_1_12' title='bbox 207 681 229 761; x_wconf 84' lang='lat'><strong>⁴.</strong></span> <span class='ocrx_word' id='word_1_13' title='bbox 249 696 464 765; x_wconf 79' lang='lat' dir='ltr'><strong>Athenienses</strong></span> <span class='ocrx_word' id='word_1_14' title='bbox 482 698 593 767; x_wconf 89' lang='lat' dir='ltr'><strong>nescio</strong></span> <span class='ocrx_word' id='word_1_15' title='bbox 610 720 653 765; x_wconf 84' lang='lat' dir='ltr'><strong>un</strong></span> <span class='ocrx_word' id='word_1_16' title='bbox 670 698 771 791; x_wconf 88' lang='lat' dir='ltr'><strong>primi</strong></span> <span class='ocrx_word' id='word_1_17' title='bbox 790 700 938 767; x_wconf 91' lang='lat' dir='ltr'><strong>omnium</strong></span> <span class='ocrx_word' id='word_1_18' title='bbox 955 704 1137 779; x_wconf 76' lang='lat' dir='ltr'><strong>Harmodio</strong></span> 
     </span>
     <span class='ocr_line' id='line_1_4' title="bbox 94 788 1135 899; baseline 0.019 -34"><span class='ocrx_word' id='word_1_19' title='bbox 94 810 124 865; x_wconf 88' lang='lat' dir='ltr'><strong>et</strong></span> <span class='ocrx_word' id='word_1_20' title='bbox 144 788 605 895; x_wconf 81' lang='lat' dir='ltr'><strong>Aristogitoni⁵·tyrannicidis</strong></span> <span class='ocrx_word' id='word_1_21' title='bbox 641 801 773 898; x_wconf 89' lang='lat' dir='ltr'><strong>publice</strong></span> <span class='ocrx_word' id='word_1_22' title='bbox 805 808 976 899; x_wconf 80' lang='lat' dir='ltr'><strong>posuerint</strong></span> <span class='ocrx_word' id='word_1_23' title='bbox 1001 823 1135 885; x_wconf 84' lang='lat' dir='ltr'><strong>statuas.</strong></span> 
     </span>
     <span class='ocr_line' id='line_1_5' title="bbox 94 904 1135 1013; baseline 0.013 -40"><span class='ocrx_word' id='word_1_24' title='bbox 94 904 156 973; x_wconf 85' lang='lat' dir='ltr'><strong>Iloe</strong></span> <span class='ocrx_word' id='word_1_25' title='bbox 169 920 273 977; x_wconf 88' lang='lat' dir='ltr'><strong>actum</strong></span> <span class='ocrx_word' id='word_1_26' title='bbox 294 922 346 977; x_wconf 88' lang='lat' dir='ltr'><strong>est</strong></span> <span class='ocrx_word' id='word_1_27' title='bbox 364 908 481 977; x_wconf 88' lang='lat' dir='ltr'><strong>eodem</strong></span> <span class='ocrx_word' id='word_1_28' title='bbox 501 932 607 996; x_wconf 90' lang='lat' dir='ltr'><strong>anno,</strong></span> <span class='ocrx_word' id='word_1_29' title='bbox 625 933 693 1003; x_wconf 89' lang='lat' dir='ltr'><strong>quo</strong></span> <span class='ocrx_word' id='word_1_30' title='bbox 715 922 750 977; x_wconf 87' lang='lat' dir='ltr'><strong>et</strong></span> <span class='ocrx_word' id='word_1_31' title='bbox 771 934 866 1004; x_wconf 84' lang='lat' dir='ltr'><strong>reges</strong></span> <span class='ocrx_word' id='word_1_32' title='bbox 893 916 1011 985; x_wconf 80' lang='lat' dir='ltr'><strong>Romae</strong></span> <span class='ocrx_word' id='word_1_33' title='bbox 1038 918 1135 1013; x_wconf 88' lang='lat' dir='ltr'><strong>pulsi.</strong></span> 
     </span>
     <span class='ocr_line' id='line_1_6' title="bbox 92 1009 1136 1105; baseline 0.017 -28"><span class='ocrx_word' id='word_1_34' title='bbox 92 1009 218 1105; x_wconf 77' lang='lat' dir='ltr'><strong>Excepta</strong></span> <span class='ocrx_word' id='word_1_35' title='bbox 232 1012 350 1083; x_wconf 88' lang='lat' dir='ltr'><strong>deinde</strong></span> <span class='ocrx_word' id='word_1_36' title='bbox 366 1039 417 1083; x_wconf 91' lang='lat' dir='ltr'><strong>res</strong></span> <span class='ocrx_word' id='word_1_37' title='bbox 431 1028 482 1083; x_wconf 88' lang='lat' dir='ltr'><strong>est</strong></span> <span class='ocrx_word' id='word_1_38' title='bbox 499 1038 519 1083; x_wconf 88' lang='lat' dir='ltr'><strong>a</strong></span> <span class='ocrx_word' id='word_1_39' title='bbox 536 1029 609 1085; x_wconf 91' lang='lat' dir='ltr'><strong>toto</strong></span> <span class='ocrx_word' id='word_1_40' title='bbox 624 1014 706 1083; x_wconf 91' lang='lat' dir='ltr'><strong>orbe</strong></span> <span class='ocrx_word' id='word_1_41' title='bbox 718 1029 883 1085; x_wconf 88' lang='lat' dir='ltr'><strong>terrarum</strong></span> <span class='ocrx_word' id='word_1_42' title='bbox 898 1017 1136 1095; x_wconf 88' lang='lat' dir='ltr'><strong>humanissima</strong></span> 
     </span>
     <span class='ocr_line' id='line_1_7' title="bbox 91 1115 1135 1216; baseline 0.019 -34"><span class='ocrx_word' id='word_1_43' title='bbox 91 1115 256 1186; x_wconf 74' lang='lat' dir='ltr'><strong>ambitione</strong></span> <span class='ocrx_word' id='word_1_44' title='bbox 291 1123 337 1188; x_wconf 86' lang='lat' dir='ltr'><strong>Et</strong></span> <span class='ocrx_word' id='word_1_45' title='bbox 358 1120 428 1213; x_wconf 89' lang='lat' dir='ltr'><strong>jam</strong></span> <span class='ocrx_word' id='word_1_46' title='bbox 447 1123 607 1191; x_wconf 84' lang='lat' dir='ltr'><strong>omnium</strong></span> <span class='ocrx_word' id='word_1_47' title='bbox 627 1122 885 1216; x_wconf 79' lang='lat' dir='ltr'><strong>municipiorum</strong></span> <span class='ocrx_word' id='word_1_48' title='bbox 913 1122 993 1197; x_wconf 83' lang='lat' dir='ltr'><strong>loris</strong></span> <span class='ocrx_word' id='word_1_49' title='bbox 1019 1142 1135 1203; x_wconf 77' lang='lat' dir='ltr'><strong>statuae</strong></span> 
     </span>
     <span class='ocr_line' id='line_1_8' title="bbox 90 1209 1135 1322; baseline 0.018 -33"><span class='ocrx_word' id='word_1_50' title='bbox 90 1209 299 1293; x_wconf 84' lang='lat' dir='ltr'><strong>ornamentum</strong></span> <span class='ocrx_word' id='word_1_51' title='bbox 322 1250 393 1297; x_wconf 89' lang='lat' dir='ltr'><strong>esse</strong></span> <span class='ocrx_word' id='word_1_52' title='bbox 414 1250 566 1321; x_wconf 82' lang='lat' dir='ltr'><strong>caepere,</strong></span> <span class='ocrx_word' id='word_1_53' title='bbox 587 1228 826 1322; x_wconf 82' lang='lat' dir='ltr'><strong>prorogarique</strong></span> <span class='ocrx_word' id='word_1_54' title='bbox 848 1234 1009 1302; x_wconf 89' lang='lat' dir='ltr'><strong>memoria</strong></span> <span class='ocrx_word' id='word_1_55' title='bbox 1026 1235 1135 1308; x_wconf 89' lang='lat' dir='ltr'><strong>homi-</strong></span> 
     </span>
     <span class='ocr_line' id='line_1_9' title="bbox 89 1318 1133 1427; baseline 0.018 -32"><span class='ocrx_word' id='word_1_56' title='bbox 89 1349 172 1413; x_wconf 89' lang='lat' dir='ltr'><strong>nun,</strong></span> <span class='ocrx_word' id='word_1_57' title='bbox 183 1344 215 1398; x_wconf 89' lang='lat' dir='ltr'><strong>et</strong></span> <span class='ocrx_word' id='word_1_58' title='bbox 227 1330 372 1401; x_wconf 83' lang='lat' dir='ltr'><strong>honores</strong></span> <span class='ocrx_word' id='word_1_59' title='bbox 389 1330 519 1427; x_wconf 83' lang='lat' dir='ltr'><strong>legendi</strong></span> <span class='ocrx_word' id='word_1_60' title='bbox 537 1318 628 1402; x_wconf 75' lang='lat' dir='ltr'><strong>oevo⁶</strong></span> <span class='ocrx_word' id='word_1_61' title='bbox 645 1332 779 1402; x_wconf 79' lang='lat' dir='ltr'><strong>basibus</strong></span> <span class='ocrx_word' id='word_1_62' title='bbox 797 1335 946 1425; x_wconf 81' lang='lat' dir='ltr'><strong>inscribi,</strong></span> <span class='ocrx_word' id='word_1_63' title='bbox 966 1364 1009 1409; x_wconf 91' lang='lat' dir='ltr'><strong>ne</strong></span> <span class='ocrx_word' id='word_1_64' title='bbox 1026 1342 1060 1409; x_wconf 90' lang='lat' dir='ltr'><strong>in</strong></span> <span class='ocrx_word' id='word_1_65' title='bbox 1083 1342 1133 1415; x_wconf 77' lang='lat' dir='ltr'><strong>s&#39;e·</strong></span> 
     </span>
     <span class='ocr_line' id='line_1_10' title="bbox 87 1430 1134 1533; baseline 0.018 -31"><span class='ocrx_word' id='word_1_66' title='bbox 87 1430 192 1524; x_wconf 78' lang='lat' dir='ltr'><strong>pulcris</strong></span> <span class='ocrx_word' id='word_1_67' title='bbox 220 1450 350 1505; x_wconf 80' lang='lat' dir='ltr'><strong>tantum</strong></span> <span class='ocrx_word' id='word_1_68' title='bbox 375 1437 575 1533; x_wconf 80' lang='lat' dir='ltr'><strong>legerentur.</strong></span> <span class='ocrx_word' id='word_1_69' title='bbox 597 1440 680 1509; x_wconf 81' lang='lat' dir='ltr'><strong>Mox</strong></span> <span class='ocrx_word' id='word_1_70' title='bbox 701 1438 833 1508; x_wconf 86' lang='lat' dir='ltr'><strong>forum⁷</strong></span> <span class='ocrx_word' id='word_1_71' title='bbox 857 1454 891 1509; x_wconf 90' lang='lat' dir='ltr'><strong>et</strong></span> <span class='ocrx_word' id='word_1_72' title='bbox 917 1444 951 1511; x_wconf 90' lang='lat' dir='ltr'><strong>in</strong></span> <span class='ocrx_word' id='word_1_73' title='bbox 980 1446 1134 1521; x_wconf 87' lang='lat' dir='ltr'><strong>domibus</strong></span> 
     </span>
     <span class='ocr_line' id='line_1_11' title="bbox 87 1541 1134 1638; baseline 0.021 -33"><span class='ocrx_word' id='word_1_74' title='bbox 87 1541 205 1631; x_wconf 81' lang='lat' dir='ltr'><strong>privatis</strong></span> <span class='ocrx_word' id='word_1_75' title='bbox 215 1541 338 1612; x_wconf 81' lang='lat' dir='ltr'><strong>factum</strong></span> <span class='ocrx_word' id='word_1_76' title='bbox 349 1558 450 1638; x_wconf 87' lang='lat' dir='ltr'><strong>atque</strong></span> <span class='ocrx_word' id='word_1_77' title='bbox 460 1546 494 1613; x_wconf 92' lang='lat' dir='ltr'><strong>in</strong></span> <span class='ocrx_word' id='word_1_78' title='bbox 507 1546 609 1615; x_wconf 85' lang='lat' dir='ltr'><strong>atriis.</strong></span> <span class='ocrx_word' id='word_1_79' title='bbox 625 1548 742 1615; x_wconf 83' lang='lat' dir='ltr'><strong>Honos</strong></span> <span class='ocrx_word' id='word_1_80' title='bbox 754 1542 912 1615; x_wconf 88' lang='lat' dir='ltr'><strong>clientum</strong></span> <span class='ocrx_word' id='word_1_81' title='bbox 927 1549 1072 1624; x_wconf 89' lang='lat' dir='ltr'><strong>instituit</strong></span> <span class='ocrx_word' id='word_1_82' title='bbox 1087 1558 1134 1627; x_wconf 89' lang='lat' dir='ltr'><strong>sic</strong></span> 
     </span>
     <span class='ocr_line' id='line_1_12' title="bbox 32 1642 363 1742; baseline 0.024 -33"><span class='ocrx_word' id='word_1_83' title='bbox 32 1680 33 1685; x_wconf 18' lang='grc' dir='ltr'><strong>κ</strong></span> <span class='ocrx_word' id='word_1_84' title='bbox 85 1642 178 1713; x_wconf 89' lang='lat' dir='ltr'><strong>colere</strong></span> <span class='ocrx_word' id='word_1_85' title='bbox 197 1663 363 1742; x_wconf 84' lang='lat' dir='ltr'><strong>patronos.</strong></span> 
     </span>
     <span class='ocr_line' id='line_1_13' title="bbox 126 1744 1164 1853; baseline 0.02 -34"><span class='ocrx_word' id='word_1_86' title='bbox 126 1744 694 1853; x_wconf 69' lang='lat' dir='ltr'><strong>L(v.ilogataeeffigies¹antiquitns</strong></span> <span class='ocrx_word' id='word_1_87' title='bbox 702 1759 748 1829; x_wconf 91' lang='lat' dir='ltr'><strong>ita</strong></span> <span class='ocrx_word' id='word_1_88' title='bbox 759 1754 964 1833; x_wconf 86' lang='lat' dir='ltr'><strong>dicabantur.</strong></span> <span class='ocrx_word' id='word_1_89' title='bbox 976 1761 1132 1840; x_wconf 84' lang='lat' dir='ltr'><strong>Placuere</strong></span> <span class='ocrx_word' id='word_1_90' title='bbox 1152 1815 1164 1851; x_wconf 60' lang='grc' dir='ltr'><strong>ι</strong></span> 
     </span>
     <span class='ocr_line' id='line_1_14' title="bbox 82 1858 1131 1963; baseline 0.02 -40"><span class='ocrx_word' id='word_1_91' title='bbox 82 1868 110 1923; x_wconf 85' lang='lat' dir='ltr'><strong>et</strong></span> <span class='ocrx_word' id='word_1_92' title='bbox 128 1858 218 1928; x_wconf 79' lang='lat' dir='ltr'><strong>uudae</strong></span> <span class='ocrx_word' id='word_1_93' title='bbox 244 1875 394 1931; x_wconf 90' lang='lat' dir='ltr'><strong>tenentes</strong></span> <span class='ocrx_word' id='word_1_94' title='bbox 416 1862 563 1950; x_wconf 86' lang='lat' dir='ltr'><strong>hastam,</strong></span> <span class='ocrx_word' id='word_1_95' title='bbox 592 1863 635 1933; x_wconf 87' lang='lat' dir='ltr'><strong>ab</strong></span> <span class='ocrx_word' id='word_1_96' title='bbox 670 1862 877 1958; x_wconf 85' lang='lat' dir='ltr'><strong>epheborum</strong></span> <span class='ocrx_word' id='word_1_97' title='bbox 904 1891 924 1935; x_wconf 85' lang='lat' dir='ltr'><strong>e</strong></span> <span class='ocrx_word' id='word_1_98' title='bbox 952 1876 1131 1963; x_wconf 81' lang='lat' dir='ltr'><strong>gymnasiis</strong></span> 
     </span>
     <span class='ocr_line' id='line_1_15' title="bbox 81 1964 1132 2062; baseline 0.021 -33"><span class='ocrx_word' id='word_1_99' title='bbox 81 1964 325 2059; x_wconf 77' lang='lat' dir='ltr'><strong>exemplaribus,</strong></span> <span class='ocrx_word' id='word_1_100' title='bbox 338 1992 421 2062; x_wconf 89' lang='lat' dir='ltr'><strong>quas</strong></span> <span class='ocrx_word' id='word_1_101' title='bbox 433 1967 614 2039; x_wconf 82' lang='lat' dir='ltr'><strong>Achilleas²</strong></span> <span class='ocrx_word' id='word_1_102' title='bbox 628 1984 760 2039; x_wconf 76' lang='lat' dir='ltr'><strong>vocant.</strong></span> <span class='ocrx_word' id='word_1_103' title='bbox 772 1972 890 2040; x_wconf 79' lang='lat' dir='ltr'><strong>Graeca</strong></span> <span class='ocrx_word' id='word_1_104' title='bbox 903 1997 955 2043; x_wconf 88' lang='lat' dir='ltr'><strong>res</strong></span> <span class='ocrx_word' id='word_1_105' title='bbox 967 1990 1033 2062; x_wconf 88' lang='lat' dir='ltr'><strong>est,</strong></span> <span class='ocrx_word' id='word_1_106' title='bbox 1049 1980 1132 2053; x_wconf 91' lang='lat' dir='ltr'><strong>nihil</strong></span> 
     </span>
    </p>
   </div>
   <div class='ocr_carea' id='block_1_3' title="bbox 68 2096 1190 4148">
    <p class='ocr_par' dir='ltr' id='par_1_3' title="bbox 71 2096 1190 3444">
     <span class='ocr_line' id='line_1_16' title="bbox 114 2096 1133 2177; baseline 0.014 -29"><span class='ocrx_word' id='word_1_107' title='bbox 114 2100 138 2157; x_wconf 73' lang='grc'><strong>4.</strong></span> <span class='ocrx_word' id='word_1_108' title='bbox 157 2096 338 2165; x_wconf 60' lang='lat' dir='ltr'><strong>Quotam</strong></span> <span class='ocrx_word' id='word_1_109' title='bbox 348 2110 447 2151; x_wconf 72' lang='lat' dir='ltr'><strong>camut.</strong></span> <span class='ocrx_word' id='word_1_110' title='bbox 461 2100 576 2154; x_wconf 67' lang='lat' dir='ltr'><strong>timui</strong></span> <span class='ocrx_word' id='word_1_111' title='bbox 619 2100 723 2155; x_wconf 85' lang='lat' dir='ltr'><strong>Plinius</strong></span> <span class='ocrx_word' id='word_1_112' title='bbox 743 2114 835 2155; x_wconf 83' lang='lat' dir='ltr'><strong>auctor</strong></span> <span class='ocrx_word' id='word_1_113' title='bbox 855 2113 910 2168; x_wconf 89' lang='lat' dir='ltr'><strong>est,</strong></span> <span class='ocrx_word' id='word_1_114' title='bbox 931 2122 991 2176; x_wconf 88' lang='lat' dir='ltr'><strong>cap.</strong></span> <span class='ocrx_word' id='word_1_115' title='bbox 1013 2125 1048 2177; x_wconf 85' lang='lat'><strong>19</strong></span> <span class='ocrx_word' id='word_1_116' title='bbox 1070 2109 1133 2167; x_wconf 82' lang='lat' dir='ltr'><strong>libri</strong></span> 
     </span>
     <span class='ocr_line' id='line_1_17' title="bbox 82 2171 813 2253; baseline 0.005 -27"><span class='ocrx_word' id='word_1_117' title='bbox 82 2171 281 2245; x_wconf 62' lang='lat' dir='ltr'><strong>itaipaseweat</strong></span> <span class='ocrx_word' id='word_1_118' title='bbox 290 2178 442 2244; x_wconf 73' lang='lat' dir='ltr'><strong>Atheniens,</strong></span> <span class='ocrx_word' id='word_1_119' title='bbox 455 2178 477 2241; x_wconf 92' lang='lat'><strong>1,</strong></span> <span class='ocrx_word' id='word_1_120' title='bbox 486 2178 508 2231; x_wconf 86' lang='lat' dir='ltr'><strong>si</strong></span> <span class='ocrx_word' id='word_1_121' title='bbox 518 2196 575 2231; x_wconf 83' lang='lat' dir='ltr'><strong>me·</strong></span> <span class='ocrx_word' id='word_1_122' title='bbox 618 2180 708 2253; x_wconf 83' lang='lat' dir='ltr'><strong>hujus.</strong></span> <span class='ocrx_word' id='word_1_123' title='bbox 720 2179 813 2232; x_wconf 69' lang='lat' dir='ltr'><strong>Iliun.</strong></span> 
     </span>
     <span class='ocr_line' id='line_1_18' title="bbox 80 2251 1021 2318; baseline 0.016 -15"><span class='ocrx_word' id='word_1_124' title='bbox 80 2251 140 2305; x_wconf 83' lang='lat' dir='ltr'><strong>nini.</strong></span> <span class='ocrx_word' id='word_1_125' title='bbox 153 2255 286 2309; x_wconf 80' lang='lat' dir='ltr'><strong>leonicum</strong></span> <span class='ocrx_word' id='word_1_126' title='bbox 303 2257 475 2311; x_wconf 78' lang='lat' dir='ltr'><strong>simulacrum</strong></span> <span class='ocrx_word' id='word_1_127' title='bbox 487 2258 575 2311; x_wconf 81' lang='lat' dir='ltr'><strong>Tran-</strong></span> <span class='ocrx_word' id='word_1_128' title='bbox 658 2264 687 2313; x_wconf 84' lang='grc'><strong>6.</strong></span> <span class='ocrx_word' id='word_1_129' title='bbox 700 2259 778 2312; x_wconf 78' lang='lat' dir='ltr'><strong>AEoo.</strong></span> <span class='ocrx_word' id='word_1_130' title='bbox 793 2258 917 2315; x_wconf 85' lang='lat' dir='ltr'><strong>Posteris.</strong></span> <span class='ocrx_word' id='word_1_131' title='bbox 930 2258 1021 2318; x_wconf 77' lang='lat' dir='ltr'><strong>Hsan.</strong></span> 
     </span>
     <span class='ocr_line' id='line_1_19' title="bbox 79 2330 1131 2411; baseline 0.007 -25"><span class='ocrx_word' id='word_1_132' title='bbox 79 2330 159 2399; x_wconf 64' lang='lat' dir='ltr'><strong>quilla</strong></span> <span class='ocrx_word' id='word_1_133' title='bbox 172 2335 200 2387; x_wconf 82' lang='lat' dir='ltr'><strong>in</strong></span> <span class='ocrx_word' id='word_1_134' title='bbox 215 2336 349 2406; x_wconf 76' lang='lat' dir='ltr'><strong>Caligula,</strong></span> <span class='ocrx_word' id='word_1_135' title='bbox 364 2354 422 2406; x_wconf 81' lang='lat' dir='ltr'><strong>cap.</strong></span> <span class='ocrx_word' id='word_1_136' title='bbox 435 2355 477 2391; x_wconf 79' lang='lat' dir='ltr'><strong>aa.</strong></span> <span class='ocrx_word' id='word_1_137' title='bbox 491 2338 574 2391; x_wconf 82' lang='lat' dir='ltr'><strong>Erant</strong></span> <span class='ocrx_word' id='word_1_138' title='bbox 658 2358 685 2410; x_wconf 88' lang='lat'><strong>7.</strong></span> <span class='ocrx_word' id='word_1_139' title='bbox 698 2338 850 2407; x_wconf 67' lang='lat' dir='ltr'><strong>Moesorum</strong></span> <span class='ocrx_word' id='word_1_140' title='bbox 857 2340 1036 2397; x_wconf 80' lang='lat' dir='ltr'><strong>etiadomibus.</strong></span> <span class='ocrx_word' id='word_1_141' title='bbox 1044 2345 1131 2411; x_wconf 74' lang='lat' dir='ltr'><strong>Qun.</strong></span> 
     </span>
     <span class='ocr_line' id='line_1_20' title="bbox 78 2411 1131 2489; baseline 0.014 -24"><span class='ocrx_word' id='word_1_142' title='bbox 78 2411 223 2479; x_wconf 78' lang='lat' dir='ltr'><strong>q&#39;uscemodi</strong></span> <span class='ocrx_word' id='word_1_143' title='bbox 239 2427 333 2469; x_wconf 82' lang='lat' dir='ltr'><strong>statute</strong></span> <span class='ocrx_word' id='word_1_144' title='bbox 345 2416 379 2468; x_wconf 88' lang='lat' dir='ltr'><strong>iis</strong></span> <span class='ocrx_word' id='word_1_145' title='bbox 398 2415 572 2481; x_wconf 85' lang='lat' dir='ltr'><strong>hominibus,</strong></span> <span class='ocrx_word' id='word_1_146' title='bbox 616 2416 683 2471; x_wconf 84' lang='lat' dir='ltr'><strong>libet</strong></span> <span class='ocrx_word' id='word_1_147' title='bbox 703 2418 817 2489; x_wconf 82' lang='lat' dir='ltr'><strong>privatas</strong></span> <span class='ocrx_word' id='word_1_148' title='bbox 840 2416 909 2471; x_wconf 76' lang='lat' dir='ltr'><strong>sedes</strong></span> <span class='ocrx_word' id='word_1_149' title='bbox 936 2420 1049 2477; x_wconf 84' lang='lat' dir='ltr'><strong>totidem</strong></span> <span class='ocrx_word' id='word_1_150' title='bbox 1073 2426 1131 2483; x_wconf 79' lang='lat' dir='ltr'><strong>lon</strong></span> 
     </span>
     <span class='ocr_line' id='line_1_21' title="bbox 78 2494 1130 2567; baseline 0.01 -21"><span class='ocrx_word' id='word_1_151' title='bbox 78 2506 174 2559; x_wconf 57' lang='lat' dir='ltr'><strong>voram</strong></span> <span class='ocrx_word' id='word_1_152' title='bbox 188 2495 302 2565; x_wconf 84' lang='lat' dir='ltr'><strong>speciem</strong></span> <span class='ocrx_word' id='word_1_153' title='bbox 313 2496 474 2560; x_wconf 80' lang='lat' dir='ltr'><strong>referebant,</strong></span> <span class='ocrx_word' id='word_1_154' title='bbox 486 2515 570 2567; x_wconf 83' lang='lat' dir='ltr'><strong>pares.</strong></span> <span class='ocrx_word' id='word_1_155' title='bbox 615 2494 709 2550; x_wconf 86' lang='lat' dir='ltr'><strong>credas</strong></span> <span class='ocrx_word' id='word_1_156' title='bbox 719 2517 774 2551; x_wconf 83' lang='lat' dir='ltr'><strong>esse</strong></span> <span class='ocrx_word' id='word_1_157' title='bbox 789 2513 796 2548; x_wconf 94' lang='lat'>:</span> <span class='ocrx_word' id='word_1_158' title='bbox 812 2509 852 2550; x_wconf 88' lang='lat' dir='ltr'><strong>tot</strong></span> <span class='ocrx_word' id='word_1_159' title='bbox 868 2511 930 2552; x_wconf 84' lang='lat' dir='ltr'><strong>sttnt</strong></span> <span class='ocrx_word' id='word_1_160' title='bbox 945 2500 1081 2560; x_wconf 75' lang='lat' dir='ltr'><strong>instructae</strong></span> <span class='ocrx_word' id='word_1_161' title='bbox 1094 2509 1130 2560; x_wconf 83' lang='lat' dir='ltr'><strong>ai.</strong></span> 
     </span>
     <span class='ocr_line' id='line_1_22' title="bbox 77 2567 1130 2648; baseline 0.015 -23"><span class='ocrx_word' id='word_1_162' title='bbox 77 2567 348 2638; x_wconf 78' lang='lat' dir='ltr'><strong>IIajoreuoesbantur</strong></span> <span class='ocrx_word' id='word_1_163' title='bbox 364 2577 484 2644; x_wconf 70' lang='lat' dir='ltr'><strong>Augusta</strong></span> <span class='ocrx_word' id='word_1_164' title='bbox 498 2596 508 2628; x_wconf 95' lang='lat'><em>:</em></span> <span class='ocrx_word' id='word_1_165' title='bbox 522 2575 572 2630; x_wconf 79' lang='lat' dir='ltr'><strong>co-</strong></span> <span class='ocrx_word' id='word_1_166' title='bbox 614 2577 673 2648; x_wconf 70' lang='lat' dir='ltr'><strong>gnia</strong></span> <span class='ocrx_word' id='word_1_167' title='bbox 697 2577 817 2647; x_wconf 69' lang='lat' dir='ltr'><strong>singula.</strong></span> <span class='ocrx_word' id='word_1_168' title='bbox 843 2577 930 2632; x_wconf 88' lang='lat' dir='ltr'><strong>Simili</strong></span> <span class='ocrx_word' id='word_1_169' title='bbox 957 2583 1130 2648; x_wconf 82' lang='lat' dir='ltr'><strong>translatione</strong></span> 
     </span>
     <span class='ocr_line' id='line_1_23' title="bbox 76 2647 1129 2730; baseline 0.015 -29"><span class='ocrx_word' id='word_1_170' title='bbox 76 2647 123 2701; x_wconf 77' lang='grc' dir='ltr'><strong>Ιαιὶ</strong></span> <span class='ocrx_word' id='word_1_171' title='bbox 133 2651 206 2724; x_wconf 73' lang='lat' dir='ltr'><strong>louge</strong></span> <span class='ocrx_word' id='word_1_172' title='bbox 221 2654 352 2708; x_wconf 72' lang='lat' dir='ltr'><strong>maxime.</strong></span> <span class='ocrx_word' id='word_1_173' title='bbox 372 2655 450 2708; x_wconf 78' lang='lat' dir='ltr'><strong>Curae</strong></span> <span class='ocrx_word' id='word_1_174' title='bbox 463 2653 491 2706; x_wconf 93' lang='lat' dir='ltr'><strong>id</strong></span> <span class='ocrx_word' id='word_1_175' title='bbox 506 2652 571 2709; x_wconf 61' lang='lat' dir='ltr'>1101ss</span> <span class='ocrx_word' id='word_1_176' title='bbox 614 2656 748 2726; x_wconf 88' lang='lat' dir='ltr'><strong>populum</strong></span> <span class='ocrx_word' id='word_1_177' title='bbox 759 2654 907 2726; x_wconf 75' lang='lat' dir='ltr'><strong>imaginum</strong></span> <span class='ocrx_word' id='word_1_178' title='bbox 917 2661 1038 2730; x_wconf 83' lang='lat' dir='ltr'><strong>superius</strong></span> <span class='ocrx_word' id='word_1_179' title='bbox 1051 2661 1129 2730; x_wconf 80' lang='lat' dir='ltr'><strong>dixit,</strong></span> 
     </span>
     <span class='ocr_line' id='line_1_24' title="bbox 76 2725 923 2800; baseline 0.007 -17"><span class='ocrx_word' id='word_1_180' title='bbox 76 2725 185 2785; x_wconf 82' lang='lat' dir='ltr'><strong>Irnodicis</strong></span> <span class='ocrx_word' id='word_1_181' title='bbox 202 2733 300 2797; x_wconf 79' lang='lat' dir='ltr'><strong>foisse,</strong></span> <span class='ocrx_word' id='word_1_182' title='bbox 317 2734 453 2786; x_wconf 77' lang='lat' dir='ltr'><strong>Lucienus</strong></span> <span class='ocrx_word' id='word_1_183' title='bbox 467 2747 506 2786; x_wconf 87' lang='lat' dir='ltr'><strong>est</strong></span> <span class='ocrx_word' id='word_1_184' title='bbox 523 2752 571 2795; x_wconf 52' lang='lat' dir='ltr'><strong>anf</strong></span> <span class='ocrx_word' id='word_1_185' title='bbox 613 2735 753 2800; x_wconf 79' lang='lat' dir='ltr'><strong>XXXIII,</strong></span> <span class='ocrx_word' id='word_1_186' title='bbox 770 2735 818 2799; x_wconf 75' lang='grc'><strong>45.</strong></span> <span class='ocrx_word' id='word_1_187' title='bbox 832 2731 923 2789; x_wconf 77' lang='lat' dir='ltr'><strong>lisso.</strong></span> 
     </span>
     <span class='ocr_line' id='line_1_25' title="bbox 75 2813 1129 2894; baseline 0.01 -33"><span class='ocrx_word' id='word_1_188' title='bbox 75 2813 568 2882; x_wconf 69' lang='lat' dir='ltr'><strong>eoe‚tnstntpstso&#39;m,subinitium‚</strong></span> <span class='ocrx_word' id='word_1_189' title='bbox 652 2816 687 2869; x_wconf 82' lang='lat' dir='ltr'><strong>X.</strong></span> <span class='ocrx_word' id='word_1_190' title='bbox 711 2832 736 2867; x_wconf 86' lang='lat' dir='ltr'><strong>r.</strong></span> <span class='ocrx_word' id='word_1_191' title='bbox 762 2815 865 2884; x_wconf 73' lang='lat' dir='ltr'><strong>Togata·</strong></span> <span class='ocrx_word' id='word_1_192' title='bbox 882 2813 975 2886; x_wconf 74' lang='lat' dir='ltr'><strong>effigies</strong></span> <span class='ocrx_word' id='word_1_193' title='bbox 996 2824 1129 2894; x_wconf 71' lang='lat' dir='ltr'><strong>antiquitus</strong></span> 
     </span>
     <span class='ocr_line' id='line_1_26' title="bbox 74 2890 1127 2962; baseline 0.017 -24"><span class='ocrx_word' id='word_1_194' title='bbox 74 2890 351 2962; x_wconf 65' lang='lat' dir='ltr'><strong>ateiristgiecpispurat</strong></span> <span class='ocrx_word' id='word_1_195' title='bbox 364 2904 511 2956; x_wconf 84' lang='lat' dir='ltr'><strong>essent,ne</strong></span> <span class='ocrx_word' id='word_1_196' title='bbox 524 2912 569 2962; x_wconf 64' lang='lat' dir='ltr'><strong>aug</strong></span> <span class='ocrx_word' id='word_1_197' title='bbox 612 2895 648 2945; x_wconf 78' lang='lat' dir='ltr'><strong>ito</strong></span> <span class='ocrx_word' id='word_1_198' title='bbox 667 2894 821 2946; x_wconf 71' lang='lat' dir='ltr'><strong>dimicatur.</strong></span> <span class='ocrx_word' id='word_1_199' title='bbox 845 2895 940 2948; x_wconf 75' lang='lat' dir='ltr'><strong>Asson.</strong></span> <span class='ocrx_word' id='word_1_200' title='bbox 963 2895 1074 2954; x_wconf 81' lang='lat' dir='ltr'><strong>Pedian.</strong></span> <span class='ocrx_word' id='word_1_201' title='bbox 1099 2903 1127 2956; x_wconf 91' lang='lat' dir='ltr'><strong>in</strong></span> 
     </span>
     <span class='ocr_line' id='line_1_27' title="bbox 73 2968 1128 3044; baseline 0.01 -21"><span class='ocrx_word' id='word_1_202' title='bbox 73 2968 182 3034; x_wconf 63' lang='lat' dir='ltr'><strong>petieras</strong></span> <span class='ocrx_word' id='word_1_203' title='bbox 202 2972 316 3036; x_wconf 83' lang='lat' dir='ltr'><strong>scilicet,</strong></span> <span class='ocrx_word' id='word_1_204' title='bbox 337 2973 502 3044; x_wconf 77' lang='lat' dir='ltr'><strong>majoresque</strong></span> <span class='ocrx_word' id='word_1_205' title='bbox 516 2971 568 3024; x_wconf 90' lang='lat' dir='ltr'><strong>hu·</strong></span> <span class='ocrx_word' id='word_1_206' title='bbox 612 2986 679 3041; x_wconf 84' lang='lat' dir='ltr'><strong>orat.</strong></span> <span class='ocrx_word' id='word_1_207' title='bbox 700 2973 787 3026; x_wconf 86' lang='lat' dir='ltr'><strong>Cicer.</strong></span> <span class='ocrx_word' id='word_1_208' title='bbox 812 2989 862 3041; x_wconf 87' lang='lat' dir='ltr'><strong>pro</strong></span> <span class='ocrx_word' id='word_1_209' title='bbox 883 2973 923 3026; x_wconf 86' lang='grc' dir='ltr'><strong>Μ.</strong></span> <span class='ocrx_word' id='word_1_210' title='bbox 940 2973 1056 3043; x_wconf 77' lang='lat' dir='ltr'><strong>Smnro,</strong></span> <span class='ocrx_word' id='word_1_211' title='bbox 1078 2983 1128 3044; x_wconf 78' lang='lat' dir='ltr'><strong>suh</strong></span> 
     </span>
     <span class='ocr_line' id='line_1_28' title="bbox 73 3049 1128 3126; baseline 0.014 -26"><span class='ocrx_word' id='word_1_212' title='bbox 73 3061 156 3114; x_wconf 74' lang='lat' dir='ltr'><strong>uana,</strong></span> <span class='ocrx_word' id='word_1_213' title='bbox 186 3050 394 3104; x_wconf 80' lang='lat' dir='ltr'><strong>Hieronicarum</strong></span> <span class='ocrx_word' id='word_1_214' title='bbox 429 3049 521 3122; x_wconf 72' lang='lat' dir='ltr'><strong>figura</strong></span> <span class='ocrx_word' id='word_1_215' title='bbox 552 3070 568 3103; x_wconf 84' lang='lat' dir='ltr'><strong>a</strong></span> <span class='ocrx_word' id='word_1_216' title='bbox 610 3049 709 3117; x_wconf 82' lang='lat' dir='ltr'><strong>linem,</strong></span> <span class='ocrx_word' id='word_1_217' title='bbox 722 3053 851 3106; x_wconf 88' lang='lat' dir='ltr'><strong>Catonem</strong></span> <span class='ocrx_word' id='word_1_218' title='bbox 864 3051 900 3105; x_wconf 83' lang='lat' dir='ltr'><strong>sit</strong></span> <span class='ocrx_word' id='word_1_219' title='bbox 914 3079 924 3100; x_wconf 86' lang='lat'><em>.</em></span> <span class='ocrx_word' id='word_1_220' title='bbox 940 3066 1059 3126; x_wconf 73' lang='lat' dir='ltr'><strong>togatum</strong></span> <span class='ocrx_word' id='word_1_221' title='bbox 1070 3061 1128 3114; x_wconf 85' lang='lat' dir='ltr'><strong>siue</strong></span> 
     </span>
     <span class='ocr_line' id='line_1_29' title="bbox 72 3127 1128 3202; baseline 0.01 -25"><span class='ocrx_word' id='word_1_222' title='bbox 72 3127 234 3198; x_wconf 73' lang='lat' dir='ltr'><strong>mlptoribns</strong></span> <span class='ocrx_word' id='word_1_223' title='bbox 273 3131 494 3200; x_wconf 78' lang='lat' dir='ltr'><strong>exprimerentur.</strong></span> <span class='ocrx_word' id='word_1_224' title='bbox 532 3131 569 3183; x_wconf 84' lang='lat' dir='ltr'><strong>Et</strong></span> <span class='ocrx_word' id='word_1_225' title='bbox 612 3132 701 3184; x_wconf 85' lang='lat' dir='ltr'><strong>tunica</strong></span> <span class='ocrx_word' id='word_1_226' title='bbox 717 3129 866 3186; x_wconf 84' lang='lat' dir='ltr'><strong>exercuisse</strong></span> <span class='ocrx_word' id='word_1_227' title='bbox 879 3130 1026 3202; x_wconf 84' lang='lat' dir='ltr'><strong>judiciuin,</strong></span> <span class='ocrx_word' id='word_1_228' title='bbox 1041 3137 1071 3192; x_wconf 85' lang='lat' dir='ltr'><strong>in</strong></span> <span class='ocrx_word' id='word_1_229' title='bbox 1087 3138 1128 3193; x_wconf 83' lang='lat' dir='ltr'><strong>Io.</strong></span> 
     </span>
     <span class='ocr_line' id='line_1_30' title="bbox 72 3198 1190 3292; baseline 0.009 -33"><span class='ocrx_word' id='word_1_230' title='bbox 72 3202 297 3275; x_wconf 79' lang='lat' dir='ltr'><strong>PlatoinPhsedro</strong></span> <span class='ocrx_word' id='word_1_231' title='bbox 312 3198 567 3280; x_wconf 72' lang='grc' dir='ltr'><strong>τ’Ῐπισχνοῦμαιχρυ·</strong></span> <span class='ocrx_word' id='word_1_232' title='bbox 610 3228 725 3281; x_wconf 84' lang='lat' dir='ltr'><strong>rumque</strong></span> <span class='ocrx_word' id='word_1_233' title='bbox 754 3211 792 3262; x_wconf 82' lang='lat' dir='ltr'><strong>sic</strong></span> <span class='ocrx_word' id='word_1_234' title='bbox 819 3206 1006 3278; x_wconf 83' lang='lat' dir='ltr'><strong>descendisse,</strong></span> <span class='ocrx_word' id='word_1_235' title='bbox 1031 3219 1128 3289; x_wconf 80' lang='lat' dir='ltr'><strong>jusque</strong></span> <span class='ocrx_word' id='word_1_236' title='bbox 1185 3281 1190 3292; x_wconf 36' lang='grc' dir='ltr'>ι</span> 
     </span>
     <span class='ocr_line' id='line_1_31' title="bbox 71 3286 1127 3360; baseline 0.009 -21"><span class='ocrx_word' id='word_1_237' title='bbox 71 3287 107 3339; x_wconf 71' lang='grc' dir='ltr'><strong>ἀι</strong></span> <span class='ocrx_word' id='word_1_238' title='bbox 126 3289 203 3341; x_wconf 74' lang='lat' dir='ltr'><strong>alaisa</strong></span> <span class='ocrx_word' id='word_1_239' title='bbox 225 3290 384 3358; x_wconf 73' lang='grc' dir='ltr'><strong>ἰσομέτρητον</strong></span> <span class='ocrx_word' id='word_1_240' title='bbox 411 3289 444 3350; x_wconf 73' lang='lat' dir='ltr'><strong>tie</strong></span> <span class='ocrx_word' id='word_1_241' title='bbox 464 3289 567 3358; x_wconf 69' lang='grc' dir='ltr'><strong>Δελφοὺς</strong></span> <span class='ocrx_word' id='word_1_242' title='bbox 610 3286 723 3352; x_wconf 84' lang='lat' dir='ltr'><strong>dixisse;</strong></span> <span class='ocrx_word' id='word_1_243' title='bbox 745 3287 828 3360; x_wconf 88' lang='lat' dir='ltr'><strong>idque</strong></span> <span class='ocrx_word' id='word_1_244' title='bbox 846 3291 975 3359; x_wconf 82' lang='lat' dir='ltr'><strong>reperisse</strong></span> <span class='ocrx_word' id='word_1_245' title='bbox 990 3311 1023 3346; x_wconf 87' lang='lat' dir='ltr'><strong>ex</strong></span> <span class='ocrx_word' id='word_1_246' title='bbox 1043 3298 1127 3358; x_wconf 81' lang='lat' dir='ltr'><strong>reteri</strong></span> 
     </span>
     <span class='ocr_line' id='line_1_32' title="bbox 72 3364 1126 3444; baseline 0.003 -22"><span class='ocrx_word' id='word_1_247' title='bbox 72 3364 192 3422; x_wconf 66' lang='lat' dir='ltr'><strong>bosom.</strong></span> <span class='ocrx_word' id='word_1_248' title='bbox 206 3369 299 3420; x_wconf 75' lang='lat' dir='ltr'><strong>Iliun.</strong></span> <span class='ocrx_word' id='word_1_249' title='bbox 610 3367 822 3429; x_wconf 83' lang='lat' dir='ltr'><strong>consuetudine,</strong></span> <span class='ocrx_word' id='word_1_250' title='bbox 840 3367 988 3424; x_wconf 72' lang='lat' dir='ltr'><strong>seeundum</strong></span> <span class='ocrx_word' id='word_1_251' title='bbox 1003 3391 1083 3444; x_wconf 84' lang='lat' dir='ltr'><strong>quam</strong></span> <span class='ocrx_word' id='word_1_252' title='bbox 1099 3389 1126 3432; x_wconf 70' lang='lat' dir='ltr'><strong>ee</strong></span> 
     </span>
    </p>

    <p class='ocr_par' dir='ltr' id='par_1_4' title="bbox 68 3443 1128 4148">
     <span class='ocr_line' id='line_1_33' title="bbox 103 3443 1127 3524; baseline 0.009 -24"><span class='ocrx_word' id='word_1_253' title='bbox 103 3443 126 3506; x_wconf 74' lang='lat' dir='ltr'><strong>i-</strong></span> <span class='ocrx_word' id='word_1_254' title='bbox 144 3447 281 3500; x_wconf 73' lang='lat' dir='ltr'><strong>Hemodio</strong></span> <span class='ocrx_word' id='word_1_255' title='bbox 301 3458 326 3498; x_wconf 81' lang='lat' dir='ltr'><strong>et</strong></span> <span class='ocrx_word' id='word_1_256' title='bbox 346 3449 518 3516; x_wconf 72' lang='lat' dir='ltr'><strong>Aristogitoni.</strong></span> <span class='ocrx_word' id='word_1_257' title='bbox 541 3447 565 3499; x_wconf 93' lang='lat' dir='ltr'><strong>Ii</strong></span> <span class='ocrx_word' id='word_1_258' title='bbox 609 3449 717 3500; x_wconf 85' lang='lat' dir='ltr'><strong>Romuli</strong></span> <span class='ocrx_word' id='word_1_259' title='bbox 734 3446 815 3502; x_wconf 74' lang='lat' dir='ltr'><strong>utatis</strong></span> <span class='ocrx_word' id='word_1_260' title='bbox 827 3458 918 3500; x_wconf 80' lang='lat' dir='ltr'><strong>statuta</strong></span> <span class='ocrx_word' id='word_1_261' title='bbox 930 3449 959 3502; x_wconf 91' lang='lat' dir='ltr'><strong>in</strong></span> <span class='ocrx_word' id='word_1_262' title='bbox 976 3449 1127 3524; x_wconf 83' lang='lat' dir='ltr'><strong>Capitolio,</strong></span> 
     </span>
     <span class='ocr_line' id='line_1_34' title="bbox 70 3511 1128 3606; baseline 0.008 -27"><span class='ocrx_word' id='word_1_263' title='bbox 70 3519 180 3579; x_wconf 61' lang='lat' dir='ltr'><strong>Fumat</strong></span> <span class='ocrx_word' id='word_1_264' title='bbox 212 3511 272 3580; x_wconf 84' lang='lat' dir='ltr'><strong>lilio</strong></span> <span class='ocrx_word' id='word_1_265' title='bbox 298 3525 455 3597; x_wconf 83' lang='lat' dir='ltr'><strong>Hipparcho</strong></span> <span class='ocrx_word' id='word_1_266' title='bbox 481 3527 563 3579; x_wconf 89' lang='lat' dir='ltr'><strong>inter·</strong></span> <span class='ocrx_word' id='word_1_267' title='bbox 608 3525 1128 3606; x_wconf 71' lang='lat' dir='ltr'><strong>etinllostrisCamilli,l&#39;uernnttoge·</strong></span> 
     </span>
     <span class='ocr_line' id='line_1_35' title="bbox 69 3604 1127 3673; baseline 0.013 -19"><span class='ocrx_word' id='word_1_268' title='bbox 69 3617 158 3673; x_wconf 72' lang='lat' dir='ltr'><strong>empto,</strong></span> <span class='ocrx_word' id='word_1_269' title='bbox 171 3607 300 3660; x_wconf 79' lang='lat' dir='ltr'><strong>servitute</strong></span> <span class='ocrx_word' id='word_1_270' title='bbox 316 3607 487 3659; x_wconf 77' lang='lat' dir='ltr'><strong>Athenienses</strong></span> <span class='ocrx_word' id='word_1_271' title='bbox 497 3605 566 3659; x_wconf 91' lang='lat' dir='ltr'><strong>libe·</strong></span> <span class='ocrx_word' id='word_1_272' title='bbox 610 3618 643 3659; x_wconf 68' lang='grc' dir='ltr'><strong>ιω</strong></span> <span class='ocrx_word' id='word_1_273' title='bbox 649 3607 705 3660; x_wconf 86' lang='lat' dir='ltr'><strong>siae</strong></span> <span class='ocrx_word' id='word_1_274' title='bbox 714 3606 819 3662; x_wconf 84' lang='lat' dir='ltr'><strong>tunicis.</strong></span> <span class='ocrx_word' id='word_1_275' title='bbox 833 3629 843 3652; x_wconf 72' lang='grc' dir='ltr'>ι</span> <span class='ocrx_word' id='word_1_276' title='bbox 855 3604 980 3661; x_wconf 86' lang='lat' dir='ltr'><strong>Meminit</strong></span> <span class='ocrx_word' id='word_1_277' title='bbox 990 3623 1017 3664; x_wconf 86' lang='lat' dir='ltr'><strong>et</strong></span> <span class='ocrx_word' id='word_1_278' title='bbox 1023 3612 1127 3668; x_wconf 86' lang='lat' dir='ltr'><strong>Plinius</strong></span> 
     </span>
     <span class='ocr_line' id='line_1_36' title="bbox 69 3684 1124 3757; baseline 0.009 -24"><span class='ocrx_word' id='word_1_279' title='bbox 69 3684 567 3739; x_wconf 72' lang='lat' dir='ltr'><strong>nvmt.rauuniuinauicis.flanc</strong></span> <span class='ocrx_word' id='word_1_280' title='bbox 610 3684 676 3739; x_wconf 82' lang='lat' dir='ltr'><strong>alter</strong></span> <span class='ocrx_word' id='word_1_281' title='bbox 695 3686 725 3739; x_wconf 88' lang='lat' dir='ltr'><strong>in</strong></span> <span class='ocrx_word' id='word_1_282' title='bbox 745 3686 842 3754; x_wconf 75' lang='lat' dir='ltr'><strong>Paneg.</strong></span> <span class='ocrx_word' id='word_1_283' title='bbox 864 3686 988 3757; x_wconf 73' lang='lat' dir='ltr'><strong>Traiani,</strong></span> <span class='ocrx_word' id='word_1_284' title='bbox 1011 3707 1039 3742; x_wconf 92' lang='lat' dir='ltr'><strong>n.</strong></span> <span class='ocrx_word' id='word_1_285' title='bbox 1061 3692 1124 3748; x_wconf 79' lang='lat'><strong>55:</strong></span> 
     </span>
     <span class='ocr_line' id='line_1_37' title="bbox 69 3757 1127 3834; baseline 0.011 -20"><span class='ocrx_word' id='word_1_286' title='bbox 69 3757 188 3817; x_wconf 69' lang='lat' dir='ltr'><strong>bituriam</strong></span> <span class='ocrx_word' id='word_1_287' title='bbox 209 3762 273 3818; x_wconf 82' lang='lat' dir='ltr'><strong>vide</strong></span> <span class='ocrx_word' id='word_1_288' title='bbox 299 3764 405 3834; x_wconf 80' lang='lat' dir='ltr'><strong>prolixe</strong></span> <span class='ocrx_word' id='word_1_289' title='bbox 430 3763 566 3817; x_wconf 76' lang='lat' dir='ltr'><strong>recitatam</strong></span> <span class='ocrx_word' id='word_1_290' title='bbox 614 3787 626 3811; x_wconf 81' lang='grc' dir='ltr'>ι</span> <span class='ocrx_word' id='word_1_291' title='bbox 639 3765 773 3817; x_wconf 82' lang='lat' dir='ltr'><strong>Visuntur</strong></span> <span class='ocrx_word' id='word_1_292' title='bbox 786 3759 1028 3821; x_wconf 85' lang='lat' dir='ltr'><strong>eadememateria</strong></span> <span class='ocrx_word' id='word_1_293' title='bbox 1042 3771 1127 3826; x_wconf 75' lang='lat' dir='ltr'><strong>Case-</strong></span> 
     </span>
     <span class='ocr_line' id='line_1_38' title="bbox 69 3840 1127 3920; baseline 0.007 -24"><span class='ocrx_word' id='word_1_294' title='bbox 69 3840 258 3916; x_wconf 77' lang='lat' dir='ltr'><strong>tpodl&#39;bucyd.</strong></span> <span class='ocrx_word' id='word_1_295' title='bbox 270 3842 377 3896; x_wconf 70' lang='lat' dir='ltr'><strong>tinvr.</strong></span> <span class='ocrx_word' id='word_1_296' title='bbox 391 3842 568 3896; x_wconf 77' lang='lat' dir='ltr'><strong>Du..-Har·</strong></span> <span class='ocrx_word' id='word_1_297' title='bbox 588 3856 593 3864; x_wconf 88' lang='lat'>·</span> <span class='ocrx_word' id='word_1_298' title='bbox 610 3845 648 3896; x_wconf 85' lang='lat' dir='ltr'><strong>ris</strong></span> <span class='ocrx_word' id='word_1_299' title='bbox 658 3855 763 3910; x_wconf 71' lang='lat' dir='ltr'><strong>natue,</strong></span> <span class='ocrx_word' id='word_1_300' title='bbox 774 3861 827 3916; x_wconf 83' lang='lat' dir='ltr'><strong>qua</strong></span> <span class='ocrx_word' id='word_1_301' title='bbox 842 3841 1068 3920; x_wconf 65' lang='lat' dir='ltr'><strong>Brutorumque</strong></span> <span class='ocrx_word' id='word_1_302' title='bbox 1079 3849 1127 3905; x_wconf 74' lang='lat' dir='ltr'><strong>Co·</strong></span> 
     </span>
     <span class='ocr_line' id='line_1_39' title="bbox 69 3920 895 3993; baseline 0.005 -21"><span class='ocrx_word' id='word_1_303' title='bbox 69 3920 568 3993; x_wconf 72' lang='lat' dir='ltr'><strong>esdio.b⁷i‹lePlnterelr.inAntiphoute,</strong></span> <span class='ocrx_word' id='word_1_304' title='bbox 610 3921 757 3976; x_wconf 78' lang='lat' dir='ltr'><strong>miliorum.</strong></span> <span class='ocrx_word' id='word_1_305' title='bbox 774 3948 785 3971; x_wconf 67' lang='lat'><em>2</em></span> <span class='ocrx_word' id='word_1_306' title='bbox 803 3920 895 3976; x_wconf 81' lang='lat' dir='ltr'><strong>Haan.</strong></span> 
     </span>
     <span class='ocr_line' id='line_1_40' title="bbox 68 3993 1126 4072; baseline 0.014 -22"><span class='ocrx_word' id='word_1_307' title='bbox 68 3993 97 4050; x_wconf 81' lang='lat' dir='ltr'><strong>tle</strong></span> <span class='ocrx_word' id='word_1_308' title='bbox 109 3997 194 4056; x_wconf 77' lang='lat' dir='ltr'><strong>dacem</strong></span> <span class='ocrx_word' id='word_1_309' title='bbox 212 4003 385 4066; x_wconf 85' lang='lat' dir='ltr'><strong>rhetoribus,</strong></span> <span class='ocrx_word' id='word_1_310' title='bbox 402 4001 529 4072; x_wconf 83' lang='lat' dir='ltr'><strong>aliosque.</strong></span> <span class='ocrx_word' id='word_1_311' title='bbox 542 4004 567 4055; x_wconf 85' lang='grc' dir='ltr'><strong>Δ</strong></span> <span class='ocrx_word' id='word_1_312' title='bbox 655 4002 753 4068; x_wconf 62' lang='lat' dir='ltr'><strong>nouos</strong></span> <span class='ocrx_word' id='word_1_313' title='bbox 762 4002 895 4056; x_wconf 79' lang='lat' dir='ltr'><strong>Achilleas.</strong></span> <span class='ocrx_word' id='word_1_314' title='bbox 904 4002 1005 4057; x_wconf 85' lang='lat' dir='ltr'><strong>Notum</strong></span> <span class='ocrx_word' id='word_1_315' title='bbox 1013 4007 1126 4064; x_wconf 78' lang='lat' dir='ltr'><strong>Achillia</strong></span> 
     </span>
     <span class='ocr_line' id='line_1_41' title="bbox 68 4075 1095 4148; baseline 0.008 -13"><span class='ocrx_word' id='word_1_316' title='bbox 68 4075 180 4136; x_wconf 77' lang='lat' dir='ltr'><strong>Praxitele</strong></span> <span class='ocrx_word' id='word_1_317' title='bbox 191 4080 568 4138; x_wconf 69' lang='lat' dir='ltr'><strong>ehbonusoeoehnoanas</strong></span> <span class='ocrx_word' id='word_1_318' title='bbox 611 4078 694 4137; x_wconf 80' lang='lat' dir='ltr'><strong>decus</strong></span> <span class='ocrx_word' id='word_1_319' title='bbox 709 4092 737 4134; x_wconf 86' lang='lat' dir='ltr'><strong>et</strong></span> <span class='ocrx_word' id='word_1_320' title='bbox 748 4093 883 4148; x_wconf 75' lang='lat' dir='ltr'><strong>numen,</strong></span> <span class='ocrx_word' id='word_1_321' title='bbox 902 4080 985 4136; x_wconf 76' lang='lat' dir='ltr'><strong>buu.</strong></span> <span class='ocrx_word' id='word_1_322' title='bbox 1003 4083 1095 4146; x_wconf 76' lang='lat' dir='ltr'><strong>timo.</strong></span> 
     </span>
    </p>
   </div>
   <div class='ocr_carea' id='block_1_4' title="bbox 131 4180 1002 4250">
    <p class='ocr_par' dir='ltr' id='par_1_5' title="bbox 131 4180 1002 4250">
     <span class='ocr_line' id='line_1_42' title="bbox 131 4180 1002 4250; baseline 0.002 -2"><span class='ocrx_word' id='word_1_323' title='bbox 131 4180 189 4248; x_wconf 78' lang='lat' dir='ltr'><strong>tt.</strong></span> <span class='ocrx_word' id='word_1_324' title='bbox 961 4202 1002 4250; x_wconf 85' lang='lat' dir='ltr'><strong>to</strong></span> 
     </span>
    </p>
   </div>
   <div class='ocr_carea' id='block_1_5' title="bbox 0 0 1480 5000">
    <p class='ocr_par' dir='ltr' id='par_1_6' title="bbox 0 0 1480 5000">
     <span class='ocr_line' id='line_1_43' title="bbox 0 0 1480 5000; baseline 0 7"><span class='ocrx_word' id='word_1_325' title='bbox 0 0 1480 5000; x_wconf 95' lang='lat' dir='ltr'><strong> </strong></span> 
     </span>
    </p>
   </div>
  </div>
 </body>
</html>
