2950 5000
259 401 960 582 ernnusncunnr
1091 452 1125 461 ’“

102 728 616 855 NATURALIS
663 728 1144 856 HISTORIAE
1205 860 1215 875 ,

359 994 562 1103 niusa
591 994 864 1084 xxxvn.

413 1234 808 1269 ,..--οο.........

98 1451 121 1516 Ι.
142 1404 217 1523 Ur
231 1449 316 1521 nihil
336 1450 487 1519 instituto
508 1450 602 1544 operi
619 1448 723 1535 desit',
745 1475 883 1546 gemmae
901 1470 1096 1549 supersunt,
1113 1473 1144 1526 et
1166 1490 1212 1565 rs
1304 1462 1314 1505 ἲ

97 1557 254 1626 inermum
266 1571 383 1627 coacta
398 1579 509 1625 rerum
526 1569 654 1627 nuturae
669 1556 841 1651 majestas,
858 1558 970 1630 multis
986 1561 1077 1630 nulla
1094 1564 1145 1632 sui

98 1675 177 1754 purte
197 1660 387 1731 mirabilior.
414 1662 559 1730 Tantum
582 1663 736 1731 tribuunt
763 1665 931 1753 varietati,
957 1665 1147 1754 coloribus,

98 1770 241 1855 materiae,
261 1769 398 1853 decori,
421 1766 538 1836 violari
559 1769 659 1836 etiam
681 1768 782 1863 signis
803 1793 950 1863 gemmas
973 1771 1065 1842 nefas
1086 1773 1146 1843 du·

97 1886 203 1943 centes.
219 1873 355 1968 Aliquae
370 1897 451 1942 vero
465 1886 558 1941 extra
575 1874 682 1967 pretia
700 1873 785 1958 ulla,
801 1878 1066 1973 taxationemque
1084 1878 1147 1948 hu-

97 2002 253 2049 manarum
282 2004 384 2075 opum
409 1979 627 2065 arbitrantes,
664 1992 702 2047 ut
721 1970 887 2074 plerisque
914 1983 957 2052 ad
983 2007 1146 2053 summam

96 2082 333 2180 absolutamque
363 2109 474 2153 rerum
504 2098 630 2153 natura
662 2085 976 2180 contemplationem
1002 2092 1081 2160 satis
1106 2092 1149 2160 sit

96 2212 152 2259 una
170 2190 278 2287 aliqua
297 2214 438 2286 gemma.
454 2191 539 2278 Quae
556 2188 657 2258 itrerit
677 2193 772 2285 origo
789 2216 1011 2285 gemmarum,
1025 2210 1064 2291 et
1079 2198 1149 2290 qui·
1168 2230 1183 2261 ι

96 2292 148 2366 hus
172 2298 272 2367 initiis
295 2299 330 2365 in
357 2311 487 2366 tantum
508 2294 683 2365 admiratio
712 2296 786 2367 haeo
806 2302 983 2386 exarserit,
1007 2301 1150 2373 diximus

96 2401 338 2493 quadamtenus¹
355 2404 390 2471 in
407 2402 572 2471 mentione
588 2404 661 2470 auri
674 2402 924 2499 anulorumque.
940 2405 1072 2476 Fabulae
1085 2410 1149 2504 pri-

95 2508 263 2580 mordium'
284 2534 305 2579 a
325 2534 409 2604 rupe
427 2511 597 2578 caucana
614 2508 775 2578 trudunt:
795 2512 983 2581 Promethei
1000 2513 1152 2584 vinculo·

98 2637 162 2684 rum
185 2599 477 2710 interpretatione³
500 2612 591 2683 fatali
611 2616 851 2713 :primumque
874 2609 943 2690 sexi
964 2617 1149 2727 hujus'fra-

43 2876 45 2885 ,
127 2826 148 2880 l.
172 2843 195 2880 r.
214 2827 333 2879 Diuimru
351 2823 530 2898 quadrantaria.
547 2823 593 2879 Li·
680 2823 1018 2881 &promontoriorum
1035 2829 1152 2900 interpu-

94 2905 138 2958 bro
153 2906 292 2968 mm,
309 2922 367 2975 unp.
392 2909 409 2967 t
425 2922 432 2955 :
450 2930 462 2952 ι
474 2903 542 2958 Num
560 2901 595 2956 de
638 2907 729 2956 tutione
736 2905 824 2972 satuti.
838 2906 1027 2959 Prometheum
1042 2909 1152 2964 Cuueaui

94 2983 245 3039 Prometheo
272 2985 362 3038 omniu
382 2983 501 3058 iqbuloeu
524 2983 595 3036 urbi·
637 2984 752 3055 rupibus
770 2984 878 3056 Jupiter
892 2983 1059 3056 elligerent,
1078 2987 1152 3060 quod

93 3075 153 3130 tuor,
171 3081 327 3135 quanquam
351 3062 391 3116 illi
414 3081 521 3134 quoque
543 3061 596 3116 ier-
639 3062 1153 3136 perludibriumeibiossupingui'teotu

94 3160 161 3196 reum
183 3145 296 3198 anulum
320 3140 396 3196 dedit
417 3141 560 3214 antiquitati
586 3159 594 3192 t
639 3142 668 3194 in
698 3141 823 3195 convivio
851 3144 1016 3214 apposuisset
1040 3166 1046 3196 :
1078 3145 1152 3218 quod

93 3221 276 3296 mentumque
297 3219 342 3289 id,
364 3239 420 3274 non
444 3233 597 3292 pumen,
639 3221 729 3291 ignem
738 3221 1152 3298 celestemeesetiurutuu:quod

93 3300 195 3374 intelligi
211 3302 308 3356 voluit.
323 3327 336 3349 ι
351 3301 442 3354 Hero.
639 3299 675 3353 de
696 3314 790 3374 stupro
810 3301 958 3355 Minervam
981 3303 1153 3360 sollicitasset.

129 3399 155 3435 a.
166 3381 272 3436 Fabula
278 3379 444 3452 primordium.
453 3377 525 3433 Vide
537 3378 598 3432 Ser·
640 3380 710 3434 Eum
725 3393 814 3435 tumen
826 3393 887 3452 post
899 3381 993 3447 soluit,
1002 3383 1076 3454 (prod
1084 3385 1154 3438 The·

94 3458 159 3514 rium
178 3463 206 3516 in
225 3473 326 3516 sextum
339 3458 448 3530 Virgilii
461 3459 596 3530 Eulogarn.
641 3457 705 3512 tidie
720 3478 810 3514 umore
823 3473 932 3532 captus,
951 3461 983 3514 ab
995 3481 1027 3514 eo
1039 3464 1153 3517 futorum

93 3538 310 3611 luidorue,0rig.
319 3539 368 3593 lib.
377 3539 530 3610 XVl,cup.
545 3542 596 3591 16:
642 3539 754 3610 prreueio
780 3541 962 3610 cognovisset,
989 3543 1152 3597 naseiturum

96 3619 599 3691 ‹Primordiugemmurum,iuquit,u
642 3617 802 3672 ex‘l'hetide
822 3619 908 3673 lilium
930 3631 1006 3690 putre
1025 3615 1154 3694 mujorem

93 3715 153 3770 rupe
173 3699 286 3754 Cuuouai
309 3699 405 3753 fabule
423 3699 513 3751 ierunt
533 3697 600 3750 Pro·
643 3697 719 3751 iore:
732 3710 759 3752 et
773 3717 876 3752 memor
889 3717 981 3752 eorum
993 3718 1053 3770 qua
1064 3700 1157 3756 edver-

94 3779 222 3833 uetbeum
230 3779 348 3850 primum
357 3778 532 3848 fragmentum
543 3777 596 3830 rexi
642 3795 688 3830 sus
702 3789 805 3848 patrem
829 3790 953 3849 gesserat,
974 3791 1105 3834 metueret
1123 3799 1157 3834 ne

93 3858 203 3927 ejusden
219 3857 356 3910 inclusisse
370 3858 453 3918 ierrn,
467 3875 497 3910 ae
513 3853 599 3928 digito
641 3874 692 3927 pur
716 3855 872 3910 redderetur
893 3875 900 3910 :
922 3855 968 3910 sed
989 3877 1018 3912 ea
1039 3859 1111 3931 lege,
1127 3873 1158 3913 ut

94 3935 600 4008 dramdediuessnqusinittirooepine
643 3953 750 3989 suerum
784 3953 920 4007 poenarum
953 3951 1158 3992 monumentum

94 4017 296 4088 autumatque
314 4033 457 4087 gemmam.
475 4040 487 4062 ι
510 4015 553 4069 sie
573 4027 600 4069 et
643 4015 753 4068 anulum
772 4017 907 4077 ferreum,
922 4027 950 4069 et
962 4035 1089 4070 eoronam
1104 4031 1160 4072 tex-

95 4092 251 4152 llrrbodeus
260 4095 289 4150 iu
303 4095 407 4165 pretet.
421 4095 514 4150 niun.
645 4106 697 4148 tum
705 4093 835 4168 eolligutiu
843 4095 955 4150 floribus
960 4109 1083 4166 gestaret.
1092 4100 1161 4152 Rho·

961 4176 1024 4259 36³
