2950 5000
414 462 575 535 LIBER
605 461 811 530 XXXVII.
1079 460 1150 535 625
1261 476 1265 485 '

95 596 285 692 opulentiam
301 593 536 689 Carthaginis⁷
557 616 697 688 magnae.
717 593 888 686 Adjieiunt
900 594 1106 690 AEthiopicos
1122 614 1156 667 et

95 719 125 771 et
141 700 374 784 Alabandicus,
405 702 440 767 in
461 700 620 769 Orthosia
650 686 767 769 caute⁸
791 715 986 788 nascentes,
1010 702 1066 771 sed
1100 706 1157 796 qui

96 808 298 901 perficiantur
313 805 496 875 Alabandis
503 804 525 873 ⁹.
543 806 706 874 Praeterea
724 807 758 873 in
773 807 864 873 omni
883 830 1003 899 genere
1020 808 1158 877 masculi

96 913 238 1008 appellati
265 914 393 999 acrius,
429 925 464 979 at
492 912 623 979 feminae
656 909 843 1003 languidius
875 912 1088 1006 refulgentes.
1118 919 1158 983 In

96 1018 238 1088 masculis
257 1044 393 1113 quoque
412 1018 592 1085 observant
608 1016 790 1110 liquidioris
804 1015 884 1085 alios
899 1018 1084 1108 flammae¹⁰‚
1106 1022 1158 1088 ni-

95 1126 203 1218 grioris
220 1124 320 1207 alios,
339 1138 373 1192 et
393 1122 553 1216 quosdam
572 1148 613 1191 ex
633 1122 698 1190 alio
717 1121 891 1209 lucidos¹.¹,
908 1147 947 1192 ac
968 1127 1072 1219 magis
1093 1151 1158 1196 cae·

95 1232 164 1299 teris
185 1229 306 1299 insule
329 1230 519 1322 flagrantes.
548 1230 704 1322 Optimos
727 1252 807 1297 vero
824 1228 1193 1324 ametltystizontas¹²‚2

94 1335 151 1405 boe
169 1350 239 1419 est,
256 1360 402 1429 quorum
421 1349 590 1403 extremus
606 1332 771 1428 igniculus
786 1335 819 1402 in
837 1335 1015 1429 amethysti
1036 1337 1158 1407 violam

48 1504 54 1513 .
94 1457 201 1509 exeat:
217 1444 389 1535 proximos
405 1440 485 1525 illis,
500 1465 584 1534 quos
605 1455 726 1508 vocant
746 1441 851 1508 sititas
866 1443 980 1509 innato
992 1427 1013 1465 '³
1029 1442 1159 1538 fulgore

94 1546 261 1617 radiantes,
285 1547 433 1615 Inveniri
460 1561 573 1615 autem
598 1547 818 1640 ubicumque,
843 1548 986 1615 inaximo
1007 1547 1085 1617 solis
1108 1576 1158 1619 re-

45 1691 48 1700 ·
94 1677 254 1747 percussu.
276 1656 414 1746 Satyrus
431 1652 567 1721 Indicos
584 1676 653 1720 non
674 1676 745 1720 esse
767 1649 873 1720 claros
890 1651 969 1721 dicit
980 1640 1015 1739 ¹⁴,
1034 1678 1073 1723 ac
1091 1654 1159 1749 ple·

130 1836 155 1887 7.
165 1818 268 1888 Propter
276 1816 422 1887 opulentiam
434 1815 597 1886 Carthaginis.
645 1816 697 1869 tius
713 1814 746 1868 ad
767 1814 834 1868 illud
856 1816 970 1886 pertinet
989 1818 1062 1889 quod
1082 1821 1161 1891 vulgo

94 1897 198 1967 Propter
215 1896 324 1950 divitias
343 1910 522 1949 mercatorum
543 1896 600 1966 ejus
645 1896 782 1966 gemmarii
796 1894 945 1965 appellant,
960 1912 1049 1965 grenat
1061 1902 1161 1970 syrien?

91 1978 212 2041 civitatis,
242 1976 290 2047 qui
317 1994 350 2027 ex
379 1975 601 2037 Garamantibus,
644 1974 757 2046 quadrat
776 1986 847 2027 certe
865 1976 940 2029 oolor
961 1976 1161 2049 violaceo-pur·

94 2057 284 2129 AEtbiopiarque
295 2068 322 2107 et
330 2054 427 2107 Persia}
436 2054 545 2125 populis
556 2052 601 2105 ad·
645 2072 754 2125 pureus.
768 2052 821 2106 En.

93 2136 226 2188 vehebant.
245 2135 348 2187 Duum.
690 2132 734 2186 13.
742 2132 838 2197 Sititus,
845 2133 1039 2205 innatosulgore.
1050 2138 1160 2203 arettae,

128 2215 319 2267 &laoniensis
331 2212 601 2264 cauteJuxtaurbem
646 2213 719 2284 quasi
739 2213 884 2281 saginatos,
900 2214 935 2264 ob
954 2214 1071 2267 colorem
1091 2229 1162 2269 satu·

93 2294 288 2364 cognominem,
308 2289 343 2343 de
356 2310 410 2364 qua
427 2289 490 2343 ride
504 2292 551 2343 lib.
565 2292 601 2355 V,
645 2311 721 2356 rum,
744 2290 921 2363 eumdemque
946 2294 1066 2346 innatum
1084 2312 1092 2346 t
1109 2314 1163 2367 qua

94 2390 115 2425 u.
128 2391 168 2441 ²9·
185 2375 279 2426 litun.
646 2368 710 2424 dote
731 2371 765 2422 ab
788 2372 971 2440 superioribus
990 2370 1161 2445 discrepant,

129 2472 155 2524 9.
175 2451 323 2506 Alabandis.
338 2448 370 2504 Id
386 2448 542 2503 carbunculi
556 2466 601 2519 ge·
646 2450 692 2523 qui
712 2448 841 2503 dicuntur
859 2468 890 2502 ex
909 2451 962 2504 alio
978 2450 1069 2506 lucidi.
1085 2455 1162 2508 MSS.

93 2550 140 2584 nus
151 2533 234 2586 nostri
247 2531 335 2584 adbno
346 2529 483 2601 gemmarii
494 2541 602 2593 vocant,
646 2533 837 2593 omues,sititas
844 2534 946 2598 pinnato
957 2549 964 2584 t
980 2531 1055 2597 editi,
1063 2539 1163 2606 syrtites

93 2629 159 2665 nune
178 2611 343 2673 abdomine,
365 2627 437 2662 nnnc
455 2609 601 2660 aimundine.
646 2611 773 2672 exhibent
792 2608 861 2661 :sed
882 2609 1024 2676 mendose,
1040 2627 1070 2666 ut
1091 2615 1163 2666 arbi·

94 2691 204 2744 otn-
213 2691 402 2744 Carbunculus
413 2687 602 2751 Alabandicus,
647 2703 760 2742 reamur.
772 2687 840 2741 Natu
852 2687 918 2758 quid
933 2703 972 2743 est
983 2691 1090 2746 tandem
1101 2695 1163 2763 pin·

94 2771 264 2832 i'uimundine,⁸
277 2767 448 2821 alabandicus
457 2765 557 2819 dicitur
570 2769 603 2820 ab
645 2783 723 2823 natus
733 2769 839 2837 fulgori
852 2769 887 2820 Et
899 2787 950 2821 vox
962 2775 1062 2841 syrtites
1081 2773 1162 2826 bube-

94 2848 227 2903 Alsbanda
238 2849 324 2902 Caria
335 2848 411 2901 urbe.
426 2848 509 2899 Bsor.
647 2867 677 2901 re
686 2848 732 2900 bic
744 2849 834 2900 locum
847 2849 948 2917 nequit.
959 2851 1110 2916 Salmasius,
1120 2853 1165 2906 ali·

132 2928 519 3000 ro.Liquidiorisuliosflunnroe.
530 2925 605 2978 Dilu·
647 2941 764 2998 qnanto,
779 2939 809 2979 ut
823 2926 932 2996 quidem
951 2927 1063 2994 videtur,
1081 2933 1164 2984 conli-

95 3007 172 3062 tioris.
187 3010 233 3062 Sie
246 3009 294 3061 lib.
311 3008 368 3069 111,
386 3026 410 3058 c.
427 3012 471 3068 rt,
482 3023 510 3074 p.
526 3006 602 3073 349:
648 3006 770 3068 (lentius,
786 3005 815 3058 in
829 3005 914 3060 Solia.
929 3025 988 3078 pag.
1003 3009 1090 3074 380„
1105 3010 1163 3063 Au.

97 3088 268 3159 «Strongyle
293 3105 309 3137 a
335 3086 432 3155 Lipara
462 3081 605 3155 liquidiore
649 3088 723 3150 titas,
747 3086 839 3138 innato
865 3085 966 3154 fulgore
988 3107 993 3138 :
1015 3113 1026 3134 ι
1050 3089 1164 3158 perinde

95 3165 194 3220 flamma
210 3179 316 3219 tanturn
330 3163 430 3217 differt.
445 3187 457 3209 ν
473 3163 564 3214 Hano.
648 3166 723 3236 quasi
750 3166 851 3224 eitiunt
884 3165 972 3235 ἄνθραξ
998 3171 1165 3237 usurpaverit

133 3264 177 3300 rr.
212 3245 339 3313 Quosdam
364 3243 475 3318 exuuiis
504 3242 604 3294 lucidos.
650 3245 752 3297 Gracia
772 3243 931 3314 aliquando,
953 3258 982 3297 ut
1002 3247 1094 3300 innato
1111 3247 1164 3301 tut-

95 3325 182 3379 Aliena
195 3325 259 3377 solis
271 3325 339 3376 luce.
354 3322 446 3380 blano.
649 3341 729 3394 gore,
742 3341 796 3374 non
807 3323 933 3376 accersito
947 3323 1093 3377 radiantem
1106 3347 1164 3382 oar·

135 3421 176 3459 tn.
191 3403 422 3475 Anetlrystizontas.
446 3393 606 3471 Ᾰμιθυςίζον·
649 3403 796 3455 bunoulunt
823 3403 991 3472 signiticaret.
1013 3403 1101 3458 Hann.
1124 3439 1163 3452 ..-

94 3503 146 3544 sae.
168 3483 234 3536 Haeo
254 3481 364 3536 totidem
388 3481 497 3552 syllabis
521 3479 607 3532 Isido·
650 3482 996 3550 Pinnatofuigorerudinntes
1009 3479 1164 3555 (sioprius).

95 3581 152 3625 rus,
167 3562 246 3633 Orig.
269 3562 316 3616 lib.
338 3562 421 3624 xvt,
441 3577 499 3630 cap.
521 3577 548 3626 9.
571 3563 606 3611 At
650 3563 723 3630 Lego
735 3565 827 3612 innato.
842 3561 911 3613 Nam
922 3579 1032 3632 gemma
1044 3567 1099 3619 sere
1110 3584 1165 3619 sor·

94 3639 602 3708 lishon-inamethystiviolum,·
651 3639 715 3692 dido
747 3640 804 3692 luto
830 3641 980 3707 obuoluta,
1003 3656 1048 3695 aut
1072 3647 1164 3697 scabro

95 3720 139 3773 sed
160 3747 171 3769 ι
188 3723 218 3774 in
241 3721 419 3789 amethystum
436 3743 448 3763 ι
468 3716 608 3770 dumtaxat
651 3719 725 3772 eurio
757 3719 856 3772 vestita
888 3721 1069 3790 reperiuntur,
1092 3723 1166 3794 quod

95 3800 191 3871 legunt.
204 3798 239 3850 ll.
248 3827 288 3840 -
298 3800 527 3869 Ametiystizontes.
542 3798 606 3849 Car·
652 3800 722 3850 mola
732 3797 817 3851 deteri
826 3812 932 3869 oportet
942 3813 967 3852 et
973 3801 1071 3854 auferri
1082 3805 1167 3874 prius·

96 3879 227 3933 buneulus
249 3879 444 3948 amethystizon
468 3876 607 3928 nonnullis
653 3895 732 3947 qnam
746 3877 862 3931 radient.
884 3880 950 3930 Det.

97 3958 200 4012 ridetur
220 3976 292 4020 esse,
305 3959 340 4008 ·Ie
359 3956 531 4018 rubis-baluin
549 3973 609 4026 quas
696 3963 740 4018 ri.
751 3956 854 4027 Satyrus
866 3958 960 4010 Indicos
974 3977 1021 4010 non
1031 3963 1168 4014 nesciatur

98 4055 199 4108 gemma
213 4037 246 4089 ad
268 4036 296 4089 id
313 4055 395 4108 genus
408 4035 523 4088 refertur
535 4033 609 4105 quod
653 4035 721 4089 dicit.
735 4035 851 4106 Legentl.
860 4037 990 4107 «Satyrus
998 4039 1105 4094 Indicos
1114 4061 1169 4095 non

97 4118 256 4171 mentiores
268 4115 361 4170 dieunt
378 4115 486 4186 spinelie.
501 4119 545 4169 An
561 4133 610 4186 po·
654 4133 710 4168 esse
730 4115 815 4170 claros
834 4115 919 4186 dioit,
940 4115 986 4171 sed
1010 4119 1171 4193 plerumque

170 4217 237 4285 IX.
1002 4218 1049 4296 do
