2950 5000
317 373 384 471 ¹7⁶
587 373 625 441 c.
650 371 816 442 rainu
840 369 949 440 nar.
975 372 1106 442 nrsr.

313 510 500 578 Minervam
517 530 524 572 :
542 503 725 600 Delphicos
741 489 965 600 pentathlos⁴⁵
982 505 1221 599 pancratiastas
1234 530 1242 574 ι
1255 507 1370 574 llercu·

314 613 380 682 lem
387 614 507 697 etiam,
520 613 578 705 qui
590 625 640 680 est
651 611 741 706 apud
753 613 877 681 circum
890 597 1103 679 masimum⁴⁶
1117 611 1151 679 in
1160 611 1228 681 aede
1237 609 1371 704 Pompeii

315 720 441 814 Magni.
456 720 583 786 Fecisse
597 732 631 786 et
640 717 762 786 cicadae
771 705 1056 786 monumentum⁴⁷
1064 741 1104 786 ac
1117 716 1252 787 locustas
1263 716 1372 786 canni-

315 825 413 894 nibus
430 825 497 894 suis
516 824 640 892 Eriuna
664 809 872 917 significat⁴⁸.
891 825 984 892 Fecit
1003 837 1037 892 et
1059 823 1262 918 Apollinem,
1278 845 1372 918 quem

314 998 376 1053 Sola
392 1011 438 1051 tua
448 1016 482 1049 an
494 1015 542 1067 per
552 1013 579 1048 se
590 995 669 1060 lotos,
681 995 828 1066 Satyrisce,
872 995 957 1048 eima:
978 995 1094 1049 «Circus
1109 997 1268 1049 maximus...
1279 996 1374 1048 Hereu-

316 1077 519 1131 sonabitham
533 1093 581 1128 cur
594 1077 717 1147 apposita
733 1088 772 1127 est
782 1093 829 1128 au·
873 1075 911 1128 les
934 1075 1088 1128 olivarius...
1115 1074 1197 1128 AEdes
1224 1073 1343 1146 Pompeii.
1360 1098 1372 1120 ι
1420 1135 1426 1142 Ι

316 1157 392 1211 ribus
411 1158 456 1210 illa
478 1153 547 1209 tuis?
563 1155 634 1208 Ecce
657 1156 717 1207 silet
731 1153 829 1207 ridens.
873 1153 979 1206 Tullius
987 1156 1038 1206 sub
1049 1155 1109 1208 init.
1118 1155 1166 1208 lib.
1175 1157 1214 1208 1v
1225 1155 1376 1218 inl'errem,

316 1238 495 1308 Loquerctur,
512 1232 613 1287 credo:
625 1234 747 1306 voluptas
762 1235 831 1287 Ecce
874 1234 998 1287 meminit
1006 1235 1086 1305 hujus
1101 1235 1250 1288 simulacri:
1265 1235 1375 1285 «Verum

317 1329 358 1369 est
371 1329 457 1376 tanta,
471 1315 510 1367 sui
525 1333 584 1366 non
602 1314 635 1366 sit
651 1327 681 1367 ut
700 1314 756 1385 ipse
775 1331 832 1366 me·
874 1326 904 1366 ut
917 1312 952 1365 ad
968 1312 1036 1366 illud
1052 1315 1196 1366 sacrarium
1212 1310 1324 1377 redeam,
1342 1311 1378 1364 si·

318 1415 388 1448 mor.
412 1395 556 1465 Eloquium
581 1411 630 1446 nec
655 1411 715 1446 cera
736 1406 830 1463 negat:
874 1411 957 1464 guum
970 1393 1089 1446 erathoc
1102 1392 1176 1464 quod
1190 1389 1379 1464 dico,Cupidi·

321 1473 369 1529 sed
382 1470 729 1528 nouvacatilli'libiadum
743 1489 834 1526 seusus
875 1473 918 1524 uis
939 1490 954 1524 e
977 1491 1134 1526 marmore:
1158 1491 1190 1527 ex
1213 1473 1291 1526 altera
1307 1481 1379 1543 parte

322 1553 446 1618 distinet,
458 1571 558 1624 usque,
568 1552 650 1623 loqui.
666 1577 677 1599 ι
694 1551 786 1606 llssn.
875 1551 1004 1604 Hercules
1017 1553 1121 1623 egregie
1132 1551 1216 1606 sactus
1230 1571 1261 1605 ex
1274 1570 1319 1604 atre
1335 1572 1342 1602 ι
1358 1551 1379 1603 is

364 1632 410 1699 45.
438 1633 568 1701 Delphicus
598 1632 745 1701 percellatur.
777 1629 834 1696 Qui
876 1630 1379 1704 dicebaturesseMyronis,utopiuor,

321 1713 435 1784 Delphis
454 1713 531 1766 omui
544 1711 719 1764 certaminum
735 1728 834 1780 genere
877 1723 903 1764 et
917 1721 989 1763 certe
1003 1711 1039 1764 ita
1053 1723 1100 1764 est.
1111 1737 1122 1758 ι
1136 1710 1231 1764 Hnau.

322 1793 449 1846 valerent.
464 1792 614 1852 Πιντάθλους
626 1790 713 1842 Graeci
728 1802 834 1856 vocant,
918 1796 964 1860 47.
983 1791 1078 1842 Fecisse
1095 1802 1118 1842 et
1141 1791 1232 1842 cicade
1253 1807 1381 1842 monumen·

322 1872 410 1924 Latini
420 1870 650 1942 quinquertiones,
664 1870 711 1938 qui
725 1870 752 1922 iu
769 1867 834 1922 ludo
878 1880 935 1922 tum.
961 1872 1013 1922 Aut
1038 1870 1127 1942 ipsum
1151 1871 1259 1924 Erinnae
1280 1885 1380 1924 mrmeu

322 1965 392 2005 artes
412 1951 587 2022 gymnasticae
597 1950 716 2020 quinque
729 1965 837 2001 exerce·
877 1961 932 2014 est,
950 1962 996 2001 aut
1014 1949 1039 2002 ei
1054 1962 1126 2003 certe
1143 1951 1249 2013 simile,
1268 1947 1339 2022 qnod
1349 1946 1381 2000 sle

321 2042 392 2084 rent.
418 2030 561 2083 Constabat
581 2040 671 2080 autem
690 2030 835 2092 πένταθλον,
877 2027 1381 2101 eoipsomonumesto,Anytrsabaliis,

322 2111 379 2164 sive
402 2108 603 2179 quinquertium
630 2105 712 2171 illud,
737 2125 833 2170 cursu„
877 2106 1381 2162 abaliisLeonidaeadscribitur.Autlr.

323 2190 403 2254 saltu,
413 2187 486 2241 disco
495 2226 503 2252 ,
512 2187 616 2259 jaculo,
628 2187 707 2239 lucta.
717 2187 834 2240 Simoni·
878 2186 926 2239 Gr.
940 2187 998 2251 111,
1016 2192 1049 2249 14
1065 2209 1072 2239 :
1088 2180 1200 2254 laurus,
1221 2191 1242 2242 ol
1255 2185 1284 2242 tt
1299 2188 1382 2240 Atesi·

324 2266 371 2322 des
383 2269 411 2322 in
417 2268 561 2337 Antholog.
576 2267 669 2337 Epigr.
681 2268 710 2332 l,
722 2285 781 2338 cap.
797 2283 808 2318 ι
826 2287 834 2322 a
877 2261 934 2330 «lou,
947 2266 981 2328 ἐἰς
992 2263 1092 2340 ἀκρίδα.
1104 2261 1193 2339 lapi&
1203 2271 1237 2338 τᾷ
1250 2275 1306 2321 κατ’
1319 2267 1382 2336 ἄρω-

323 2338 414 2419 lclpta
434 2347 476 2400 καὶ
491 2349 567 2399 Πυθοῖ
583 2353 675 2416 Asopos
698 2349 710 2398 l
730 2347 835 2408 Φίλωνος
878 2364 921 2417 ραν
934 2341 1021 2401 luleus
1035 2347 1076 2399 sal
1089 2343 1330 2418 &pusacqu'l's'rsqs
1347 2346 1382 2408 ξῦ·

323 2429 392 2482 laisa
403 2418 643 2497 ltpmoloutm,
653 2421 750 2489 liores,
764 2427 837 2478 dess-
877 2445 917 2477 scs
936 2423 1030 2496 rlpsscr
1047 2427 1128 2491 ἱτιυξι
1147 2428 1242 2499 Μυρὼ,
1259 2427 1382 2496 Παρθένιον

323 2528 368 2573 ra,
376 2514 466 2562 πάλην.
482 2506 634 2559 «Victorem
646 2506 758 2575 Delphis
770 2505 835 2557 Dio·
878 2504 979 2568 ςᾶξασα
993 2508 1051 2576 sa'pu
1061 2504 1148 2577 δάκρυ·
1161 2506 1241 2561 ltculr
1252 2508 1298 2578 y'ep
1311 2507 1382 2563 aar&

323 2588 425 2659 phonta
452 2585 586 2649 Philonis,
604 2597 631 2637 et
663 2586 766 2639 Isthmo
787 2586 836 2638 Di·
878 2580 1383 2657 Παίγννόὼσπιιθὴςᾤχιτῖχωνάΐδας.

323 2686 383 2720 actas
405 2666 499 2729 habet,
518 2663 615 2729 saltus,
636 2664 726 2730 lucta,
741 2663 836 2737 pedes,
879 2666 1027 2734 Interprete
1039 2667 1134 2721 Grotio
1148 2684 1154 2719 :
1168 2688 1179 2709 ι
1193 2670 1305 2739 Anytae,
1318 2666 1383 2729 sive,

322 2746 473 2817 jaculum.»
490 2742 594 2808 Iidem,
606 2763 689 2815 quum
703 2763 730 2798 se
746 2756 837 2815 penta·
879 2756 909 2797 ut
921 2744 983 2809 alii,
996 2745 1140 2799 Leonidas:
1154 2746 1227 2799 Luta
1241 2744 1331 2799 cicada
1344 2760 1384 2796 co·

324 2826 382 2878 thlo
397 2824 569 2891 obtulissent,
583 2822 605 2875 si
618 2824 753 2894 pancratio
771 2842 836 2895 quo·
879 2823 939 2887 mis,
953 2824 1106 2897 locustaque
1117 2827 1186 2879 ruris
1199 2826 1283 2879 aerlon
1294 2863 1303 2889 ,
1313 2826 1384 2877 Hunc

324 2922 392 2976 que,
423 2902 497 2973 quod
525 2904 553 2955 in
586 2903 711 2974 gravibus
746 2904 838 2974 egoni·
879 2903 1097 2957 vobistumulum
1107 2905 1384 2977 ponitntriqueltlyro

323 2986 375 3038 bus
394 2982 529 3036 numerari
552 2981 635 3048 solet,
654 2980 837 3049 decertarent,
878 2982 1026 3037 Tristitiam
1037 2984 1101 3037 fletu
1110 2985 1186 3056 virgo
1197 2982 1289 3039 testata
1300 3024 1308 3049 ,
1319 2979 1384 3055 quod

324 3064 507 3137 pancratiastas
527 3063 704 3126 vocabantur,
720 3082 838 3134 sreyapu·
879 3060 918 3114 illi
932 3063 1006 3116 Mors
1017 3064 1118 3134 pariter
1131 3064 1204 3117 lusus
1215 3065 1323 3119 abstulit
1336 3075 1384 3114 atra

325 3142 429 3208 asscel,
456 3142 509 3195 hoc
540 3151 595 3206 est,
623 3141 670 3212 qui
695 3143 834 3207 manibus,
878 3138 980 3195 duos.»
996 3142 1079 3208 Quod
1094 3143 1204 3215 quidem
1220 3162 1328 3199 carmen
1342 3140 1384 3194 du·

325 3222 507 3294 pedibusque‚
523 3219 685 3292 quasiomui
700 3240 836 3290 ope,om·
878 3222 1036 3276 bitationem
1066 3224 1151 3293 injicit
1186 3224 1261 3277 haud
1289 3224 1383 3283 levem,

324 3303 472 3372 cibusque,
488 3299 630 3353 utdicitur
644 3302 757 3370 ungulis,
771 3320 835 3354 con·
878 3319 944 3354 num
963 3300 997 3354 de
1017 3301 1132 3375 Myrone
1151 3305 1240 3375 puella
1260 3316 1331 3356 vates
1349 3300 1385 3353 in·

324 3381 381 3434 nixi
397 3381 547 3444 certabant,
569 3382 624 3441 ταῖς
643 3381 711 3448 χιρσὶ
727 3380 835 3441 καὶτοῖς
880 3392 956 3433 caute
972 3382 1117 3451 acceperit,
1133 3382 1206 3453 quod
1222 3383 1260 3451 de,
1277 3384 1384 3454 Myrone

325 3462 386 3515 escol
409 3466 634 3529 πυκτομαχοῦντις.
660 3459 734 3513 Fecit
754 3478 836 3531 porro
881 3461 1010 3513 statuario
1025 3461 1138 3532 intelligi
1154 3464 1287 3533 oportuit.
1302 3463 1384 3525 Bran·

325 3540 427 3611 Myron
443 3552 470 3592 et
488 3558 623 3593 cursorem
640 3538 668 3590 in
685 3538 761 3593 Piceo
782 3558 837 3593 cer·
923 3541 968 3603 48.
982 3540 1080 3593 Erinna
1097 3541 1229 3611 signifieat.
1243 3537 1385 3607 Teuffel.

325 3620 438 3685 tamine,
451 3619 479 3671 iu
492 3637 547 3690 quo
559 3637 602 3671 ars
615 3618 732 3671 velocior
741 3631 837 3673 natura
881 3631 910 3672 ut
926 3620 971 3671 alii
987 3620 1094 3685 volunt,
1109 3622 1204 3675 Lesbia
1222 3634 1309 3686 vates,
1329 3619 1384 3688 Sap-

324 3699 490 3769 intelligitur,
519 3709 550 3749 ut
578 3696 702 3750 festivum
732 3698 837 3770 colligit
879 3700 935 3771 pho
949 3701 1064 3770 aequalis.
1080 3700 1230 3756 Meminere
1250 3702 1326 3757 istius
1338 3698 1384 3750 Eu·

324 3777 544 3851 epigramma‚in
561 3776 669 3829 Anthol.
684 3778 771 3841 tva.
785 3778 820 3831 Η.
879 3778 1008 3844 stathius,
1031 3779 1059 3832 iu
1082 3781 1191 3833 navium
1222 3784 1382 3853 catalogum:

366 3860 411 3922 46.
419 3856 576 3910 Herculem...
585 3862 627 3927 qui
631 3868 667 3908 est
672 3859 739 3927 apud
747 3860 835 3910 circum
879 3858 1155 3926 Stobaeus,Senn.v11,
1164 3860 1199 3914 de
1208 3860 1382 3914 Fortitudine:

325 3940 462 4000 scammum,
475 3950 526 3989 etc.
540 3935 683 3999 P.Victor,
697 3936 725 3989 in
736 3935 836 3992 descri-
880 3938 1041 4009 Propertius,
1057 3939 1102 4003 ΙΙ,
1119 3940 1153 3993 el.
1176 3942 1210 3995 3:
1228 3964 1240 3986 ι
1256 3939 1382 3996 Carmina·

211 4079 213 4082 v
324 4016 836 4088 ptioneurbisllomamegioneundc·
880 4036 932 4091 que
945 4018 1058 4073 Erinnes
1070 4036 1124 4073 nou
1136 4032 1212 4092 putat
1225 4040 1302 4094 aqua
1310 4016 1379 4074 suis-¹
