2950 5000
318 488 365 575 84
593 492 633 559 C.
653 488 827 558 -PLINII
853 488 962 557 NAT.
990 489 1121 557 illst:

284 647 295 680 1
370 622 498 691 ΧΧῑΧ.
514 620 784 717 Chrysooollam¹
800 636 834 690 et
847 620 998 690 aurifices
1013 622 1074 689 sibi
1094 620 1264 691 vindicant
1278 623 1382 718 agglu-

317 728 455 799 tinando
469 753 569 797 auro:
584 743 618 797 et
635 727 713 797 inde
731 752 846 797 omnes
861 725 1077 823 appellatam²
1091 726 1238 797 similiter
1257 744 1382 799 utentes

208 842 216 854 “
317 836 442 905 dicunt.
469 838 688 954 Temperatur
707 849 819 903 autern
839 858 877 902 ea
897 835 1021 928 Cypria
1043 836 1206 929 aerugine,
1234 849 1269 904 et
1292 838 1383 931 pueri

317 942 464 1061 impubis
480 943 593 1026 urina,
612 940 724 1010 addito
745 942 842 1009 nitro
864 942 997 1009 'seritur
1015 942 1139 1035 Cyprio
1160 927 1247 1010 aere³
1272 943 1310 1009 in
1327 944 1386 1035 Cy·
1433 992 1438 1003 .

318 1050 398 1143 priis
411 1049 599 1117 mortariis:
611 1062 799 1117 santernam
817 1060 938 1115 vocant
952 1048 1064 1115 nostri.
1084 1048 1134 1115 lta
1149 1045 1387 1117 ferruminatur

318 1154 546 1248 aurum,qu0d
556 1140 787 1249 argentosum*⁸
800 1167 937 1283 vopunt:
950 1154 1147 1246 signumque
1161 1167 1222 1238 est,
1234 1178 1261 1222 si
1253 1153 1385 1223 addita

319 1274 475 1330 santerna
492 1262 632 1330 nitescit.
651 1264 680 1328 E
699 1244 848 1328 diret
795 1284 831 1327 so
866 1284 1007 1329 aerosum
1026 1258 1192 1327 contrahit
1212 1284 1263 1345 se,
1285 1258 1385 1327 hebe-

319 1380 492 1461 ta‚turque
506 1382 541 1435 et
554 1363 732 1435 difficulter
754 1366 1000 1434 ferruminatur.
1019 1364 1070 1432 Ad
1091 1363 1123 1431 id
1144 1364 1308 1496 glutinum
1330 1364 1383 1451 fit,

319 1498 402 1541 auro
420 1487 455 1541 et
471 1473 610 1568 septima
626 1487 719 1568 parte
733 1474 861 1566 argenti
875 1470 918 1540 ad
934 1470 1124 1566 supradicta
1142 1457 1291 1559 additis⁶‚
1305 1495 1385 1540 una·

318 1603 384 1673 que
396 1593 555 1649 contritis

288 1708 299 1743 ι
374 1688 484 1754 XXX.
516 1686 657 1755 Contexi
681 1710 743 1779 par
762 1699 813 1754 est
830 1682 955 1778 reliqm.
969 1685 1056 1754 circa
1073 1684 1155 1767 hoc,
1177 1700 1215 1753 ut
1232 1687 1386 1755 universa

319 1805 448 1861 natura
462 1794 641 1887 contingat
653 1792 838 1861 admiratio.
857 1780 953 1859 ΑιιιὶΙ
979 1789 1142 1885 glutinum
1161 1805 1213 1860 est
1233 1791 1309 1861 tale.
1332 1796 1386 1860 ilr-

357 1992 491 2048 xxlxn.
502 1992 681 2063 chrysocollam
688 2005 711 2044 et
721 1990 831 2063 arrrrfices
875 2008 982 2044 omnem
996 1989 1220 2043 traxisse'nomen
1237 1990 1324 2045 videri
1337 1993 1384 2059 iis,

318 2072 365 2125 stat
380 2072 515 2131 vindicant,
531 2085 583 2125 etc.
598 2074 719 2126 Alterum
730 2072 782 2125 hoc
793 2084 832 2124 est
875 2071 922 2142 qui
934 2070 1045 2122 similem
1058 2071 1085 2123 in
1099 2088 1179 2123 nsum
1191 2072 1264 2123 omni
1278 2072 1388 2143 clu-yso-¹

317 2152 494 2223 chrysocollae
513 2170 614 2223 genus,
639 2170 736 2223 nempe
764 2151 832 2203 licti-
874 2150 1075 2203 collautuutur.
1090 2150 1181 2202 liano.
1196 2152 1386 2222 -Cyp.oern-

321 2232 399 2284 tium.
424 2229 549 2285 Creditur
570 2232 627 2285 haec
650 2233 731 2301 vulgo
757 2231 832 2283 borae
873 2234 938 2301 gina.
953 2230 1044 2298 Cypria
1058 2248 1151 2298 aurugo,
1166 2230 1261 2292 nobis,
1274 2232 1344 2283 aride
1357 2232 1410 2297 deu

318 2310 520 2365 officinarum.
513 2331 521 2345 ·
550 2310 625 2365 falso.
652 2310 731 2363 Caret
760 2310 831 2362 enim
875 2313 968 2370 coiere:
988 2310 1082 2381 vulgo,
1093 2308 1192 2375 verdet,
1205 2310 1384 2382 werede-gris:

319 2388 391 2442 istud
409 2390 542 2461 ungine,
556 2409 643 2483 ‘quam
666 2388 831 2461 chrysocolla
875 2388 908 2441 de
931 2406 962 2442 ea
987 2387 1050 2441 alias
1069 2394 1185 2459 agemus.
1206 2390 1323 2443 Galenus
1346 2392 1384 2442 ni·

319 2470 450 2524 Veterum
463 2470 583 2544 requirit.
596 2471 715 2524 Dioscor.
720 2471 756 2534 V,
772 2487 829 2538 qa:
875 2478 946 2522 trum
954 2469 1052 2540 ‚vulgo
1069 2480 1157 2522 antron
1173 2468 1254 2527 (sous-
1256 2471 1385 2523 corbanan

319 2539 381 2604 tlun
396 2546 428 2602 δι’
443 2571 479 2611 τις
494 2552 537 2604 καὶ
555 2551 603 2602 ὑπὸ
624 2557 673 2603 τῶν
693 2552 831 2621 χρυσοχόων
874 2549 905 2600 de
922 2549 1009 2608 sorde)
1032 2549 1152 2602 omittit:
1170 2565 1264 2604 monet
1283 2563 1383 2604 tantum

318 2631 480 2701 streperas*
465 2651 499 2691 ιος
488 2627 558 2682 διὰ
575 2629 655 2691 lurae'
656 2631 699 2682 καὶ
717 2625 832 2690 deidonus
874 2640 1026 2682 santernam
1040 2629 1131 2681 estivo
1147 2643 1270 2700 tempore
1284 2649 1383 2702 prepa-

319 2710 428 2806 Koupron
439 2715 540 2777 ynasco,
550 2711 588 2761 ln
598 2704 680 2780 lert
682 2729 708 2762 au
720 2707 833 2776 nordico,
874 2709 940 2770 rari,
965 2708 1068 2761 urinam
1088 2707 1117 2762 in
1136 2710 1265 2763 mortario
1285 2709 1383 2782 Cyprio

318 2779 391 2854 {ist
406 2789 503 2859 χρυσίον
525 2796 650 2841 actioni.
670 2789 735 2842 -uit
755 2801 780 2841 et
798 2789 831 2841 ab
874 2807 923 2859 per
946 2789 1036 2859 plures
1064 2786 1121 2841 dies
1145 2788 1273 2846 terendo.
1299 2789 1384 2842 donec

318 2868 476 2920 aurificibus
492 2885 581 2938 aerugo
592 2867 714 2940 quiedam
725 2884 776 2939 qua
787 2885 832 2920 au·
875 2867 960 2920 mellis
970 2867 1111 2920 crassitiem
1123 2867 1218 2940 adepta
1229 2868 1271 2922 sit.
1284 2871 1384 2923 Santer·

319 2965 381 2999 rnm
406 2947 595 3010 ferruminant,
625 2947 705 3000 ducta
731 2945 831 3000 scilicet
873 2965 906 3000 na
919 2947 1105 3016 inaeiuginnm
1119 2967 1232 3000 nurnero
1247 2949 1383 3020 reponitur

320 3027 397 3079 urina
414 3029 489 3098 pueri
503 3027 649 3098 impuberis
661 3028 690 3079 in
702 3027 830 3079 mortario
873 3046 887 3078 a
900 3027 988 3160 Ιξοεο.
998 3027 1049 3078 loc.
1062 3045 1121 3098 sup.
1133 3027 1265 3082 land.En.

319 3123 420 3177 cupreo
430 3107 521 3176 pistilli
536 3125 589 3176 ope
602 3125 633 3159 ex
644 3105 734 3159 eadem
748 3119 830 3159 mate·
935 3106 1040 3178 ,Cyprio
1050 3126 1103 3160 cere.
1115 3108 1158 3160 Sic
1170 3109 1234 3176 lleg.
1248 3127 1278 3170 a,
1289 3109 1382 3162 etalii:

318 3185 359 3238 ria
373 3186 496 3241 confecti.
509 3212 520 3233 ι
541 3187 604 3238 Haec
622 3186 703 3238 Plinii
722 3186 831 3257 chryso-
873 3205 945 3252 non,
961 3186 1052 3263 Cyprio
1070 3189 1094 3236 iu
1117 3207 1172 3239 oera.
1195 3187 1325 3240 Pistillnm
1347 3208 1378 3242 ex

320 3266 389 3319 colla
403 3279 451 3320 eat.
473 3267 581 3320 Nitrum
600 3284 649 3319 nec
663 3264 832 3320 Dioscorides
873 3266 977 3338 Cyprio
993 3283 1044 3318 are
1058 3265 1290 3336 intelligitlliuo.

319 3343 410 3410 addit,
433 3364 484 3399 nec
505 3346 641 3399 Galenus:
661 3343 708 3397 sed
731 3345 830 3397 Plinia·
915 3344 1382 3419 4.Quodargentosrm,etc.Argenta

318 3441 382 3476 nam
406 3436 556 3478 santernam
575 3425 647 3477 nitro
671 3423 763 3477 addito
783 3443 831 3495 po·
875 3424 997 3477 mixtum.
1021 3423 1064 3478 Sic
1089 3443 1278 3478 marmorosum
1300 3429 1381 3484 inlra.

320 3505 416 3557 tiorem
428 3521 484 3557 ease
501 3506 543 3557 rel
560 3521 593 3556 eo
604 3504 727 3568 nomine,
746 3504 832 3556 Fallo·
875 3522 933 3576 rap.
955 3505 1001 3557 56.
1016 3505 1155 3571 AErosum,
1170 3505 1300 3572 xxxw,
1315 3527 1341 3570 a,
1357 3519 1384 3561 et

318 3583 379 3654 pins
391 3581 629 3647 animadvertinv,
642 3584 688 3636 31.
699 3583 831 3636 Harm-
876 3603 936 3636 mox
946 3585 998 3636 hoc
1011 3582 1070 3654 ipso
1081 3583 1150 3638 loco.
1165 3585 1255 3639 Hsau.

319 3663 509 3732 Agglntr'aamio
531 3682 599 3715 auro.
623 3664 698 3714 Loco
723 3664 831 3735 chrysu-
917 3664 944 3716 ⁵.
962 3664 986 3714 Ε
1004 3664 1104 3715 diverso.
1117 3663 1270 3717 Adinixtum
1284 3667 1336 3719 teri.
1347 3665 1381 3718 H.

318 3743 395 3795 colla
406 3740 608 3795 ferruminando
619 3761 685 3794 auro
697 3761 770 3795 nunc
782 3740 830 3796 ad·
915 3745 942 3796 6.
956 3741 1002 3794 Ad
1007 3743 1146 3813 ripradr'cta
1153 3744 1252 3797 additis.
1263 3744 1306 3797 nd
1316 3763 1381 3798 crn-

317 3821 426 3874 hibetur
440 3820 531 3883 borne,
549 3834 574 3873 et
587 3823 735 3892 priscorum
750 3823 829 3894 chry·
874 3822 961 3893 ginem
975 3822 1093 3894 cypriam
1104 3862 1111 3886 ‚
1124 3824 1291 3895 utinamque
1307 3825 1381 3896 pueri

316 3901 416 3953 socolla
430 3899 524 3953 melius
534 3901 689 3972 agglutinat.
703 3901 787 3955 Bnor.
874 3903 1003 3973 impubis,
1019 3900 1119 3973 adjecto
1132 3903 1222 3968 nitro,
1238 3917 1266 3956 ut
1281 3901 1380 3958 diruam

361 3999 387 4032 a.
400 3981 438 4032 Et
449 3980 505 4031 inde
514 3999 593 4032 omrtea
607 3981 752 4052 appellatam
762 3993 827 4045 ,clm
873 3993 913 4034 est
925 3981 1002 4034 initio
1016 4000 1074 4053 cap.
1089 3981 1178 4035 flattu.

319 4059 427 4113 Mallem
439 4078 530 4111 aerem
547 4060 609 4131 legi.
628 4061 666 4112 Ut
677 4060 712 4113 sit
724 4074 829 4114 sentcn-
912 4061 1000 4114 XXX.
1021 4079 1043 4114 r.
1065 4062 1137 4114 Auri.
1151 4061 1380 4131 Qualelnimlrnrn

314 4139 363 4205 tia,
392 4141 426 4193 ab
449 4157 483 4192 eo
508 4139 606 4194 ellectu
634 4141 827 4212 chrysocollam
873 4140 1031 4197 dictumest
1052 4159 1153 4214 sup.7.
1176 4142 1323 4197 aetenum
1339 4161 1381 4197 ar·
