2950 5000
318 409 322 416 ’
353 438 425 512 236
626 445 666 512 e.
691 445 862 514 eumn
886 385 999 516 aar
1021 445 1152 514 arsa.

351 575 584 659 mucronibus,
600 579 743 648 maxime
757 577 872 662 simili,
888 579 946 649 sed
962 580 1089 650 acriore
1104 579 1158 668 vi,
1172 603 1267 674 quam
1281 579 1391 674 rubigo:

351 681 569 779 qtramobrem
582 698 616 754 et
629 700 747 754 contra
758 687 935 780 epiphoras
952 683 1126 756 oculorum
1141 689 1326 756 assumitur:
1339 711 1394 754 san·

354 791 554 886 guinemque
567 791 668 879 sistit,
683 817 788 887 quum
807 791 945 861 vulnera
963 793 1104 861 maxime
1117 792 1207 861 ferro
1219 793 1302 862 liant.
1322 793 1395 861 Sistit

354 910 389 966 et
401 896 599 992 feminarum
613 899 786 994 profluvia.
807 899 996 994 Impunitur
1013 913 1048 968 et
1064 914 1180 968 contra
1194 899 1308 970 lienum
1323 900 1394 965 vitia.

354 1003 624 1074 Haemorrhoidas
642 1005 838 1100 compescit,
854 1005 1093 1101 hulcerumque
1106 1007 1280 1100 serpentia.
1299 1007 1337 1073 Et
1353 1029 1397 1098 ge

355 1107 423 1179 nis²
444 1108 599 1204 prodest,
619 1111 731 1180 farinae
754 1110 856 1182 modo
876 1112 1032 1206 adspersu
1056 1109 1162 1208 paulis
1186 1137 1231 1181 er.
1253 1112 1397 1205 Praecipua

354 1217 726 1306 tamencommendatio
746 1219 817 1312 ejus
833 1219 867 1288 in
883 1216 1148 1314 hygremplastro
1185 1219 1228 1288 ad
1249 1216 1396 1313 purganda

354 1319 494 1390 vulnera
505 1322 711 1418 fistulasque,
725 1338 760 1393 et
770 1349 903 1394 omnem
919 1323 1041 1395 callum
1056 1325 1260 1394 erodendum
1271 1379 1279 1408 ‚
1289 1339 1319 1392 et
1332 1324 1397 1390 rasis

355 1416 506 1498 ossibus⁴
520 1454 637 1500 carnes
659 1429 864 1502 recreandas.
880 1431 1102 1525 Componitur
1121 1433 1184 1500 hoc
1199 1431 1317 1500 modo:
1337 1429 1399 1523 picis

356 1532 447 1604 oboli
455 1559 512 1604 sex
518 1521 542 1623 ⁵,
551 1535 700 1606 Cimoliae
708 1552 807 1606 cretae
819 1537 987 1607 drachmas
1002 1561 1077 1606 ser:
1092 1539 1166 1608 aeris
1179 1539 1244 1607 tusi
1257 1537 1400 1605 drachma

358 1639 453 1710 duae:
469 1666 615 1736 squamae
633 1643 769 1731 ferreae,
783 1643 922 1713 totidem
937 1669 945 1712 τ
962 1669 1046 1714 cerae
1057 1698 1067 1731 ,
1078 1667 1157 1713 sex:
1175 1642 1239 1714 olei
1255 1643 1400 1713 sextarius.

360 1749 420 1816 His
428 1747 594 1842 adjicitur,
607 1775 711 1844 quum
724 1764 803 1820 sunt
814 1750 1024 1846 repurganda
1033 1748 1172 1819 vulnera
1185 1764 1243 1820 aut
1259 1746 1402 1844 replenda,

358 1868 518 1924 ceratum.

327 1995 337 2026 1
411 1911 1401 2058 XLVll.(xvr.)bequiturnaturaplumbiCujusduogenera,

355 2067 509 2162 nigrum,
531 2082 630 2163 atque
652 2067 859 2139 candidum'.
888 2071 1163 2140 Pretiosissimum
1187 2068 1403 2154 canilidum‚a

403 2313 429 2348 a.
453 2295 490 2348 Er
507 2297 585 2365 geues.
606 2293 753 2366 Palpebris.
773 2295 808 2348 Η.
917 2307 1018 2368 potest,
1041 2313 1120 2366 quam
1149 2294 1185 2347 rit
1216 2312 1247 2346 ea
1271 2287 1404 2347 emendandi

402 2375 430 2428 3.
456 2375 487 2426 Iu
508 2375 708 2447 hygremplastro.
731 2364 875 2446 Ῠγρίμπλα·
917 2374 1032 2430 licentia.
1048 2375 1100 2428 Pro
1112 2377 1170 2444 puri
1187 2387 1291 2438 autem,
1304 2389 1355 2444 qua
1366 2388 1404 2422 ror

361 2474 435 2528 epos,
449 2456 624 2527 emplastrum
645 2452 798 2527 liquidum,
819 2472 873 2507 nou
919 2455 998 2511 nauci
1011 2455 1063 2509 hoc
1079 2454 1140 2508 loco
1153 2471 1208 2506 nou
1222 2466 1275 2517 est,
1289 2449 1347 2525 quid
1359 2469 1405 2523 pro

362 2536 460 2588 docum
481 2536 746 2589 Haan.-Orrrrrem.
759 2536 875 2588 Brot.ex
918 2537 979 2609 pius
993 2534 1093 2607 quidve
1106 2534 1192 2606 aptius
1207 2533 1273 2587 foret
1287 2534 1405 2592 hocloco,

363 2614 439 2668 MSS.
448 2626 474 2667 et
487 2614 531 2667 ed.
544 2634 586 2687 pr.
602 2634 670 2667 omns
681 2616 778 2667 eallrrm.
790 2614 842 2667 En.
919 2634 973 2669 uon
989 2613 1122 2679 vidimus,
1136 2632 1215 2685 quam
1231 2614 1315 2684 picem
1327 2632 1333 2663 :
1344 2626 1405 2683 quau

405 2700 432 2758 d.
450 2696 485 2745 Ee
495 2699 557 2747 rasis
568 2696 666 2749 ossibus.
679 2696 713 2748 Et
724 2694 803 2748 nudis
811 2694 874 2747 osai·
919 2696 947 2748 in
958 2694 1108 2766 emplastris
1120 2694 1200 2764 plane
1213 2694 1339 2747 similibus
1348 2688 1407 2743 adhi-

364 2776 414 2828 bus
429 2792 522 2827 carnes
538 2772 709 2827 inducendas.
725 2774 819 2827 Hiran.
918 2775 978 2828 beri
994 2792 1009 2826 a
1026 2774 1104 2827 Celso
1118 2772 1249 2837 vidimus,
1268 2774 1301 2838 V,
1317 2790 1352 2840 ¹9·
1365 2767 1408 2821 Nisi

406 2855 433 2906 5.
449 2854 516 2905 Picis
531 2854 596 2906 oboli
609 2874 659 2906 ser.
677 2853 778 2906 Mirum
792 2871 877 2924 quau·
919 2856 988 2907 forte
999 2854 1114 2924 cuipiam
1126 2866 1170 2905 aut
1180 2852 1248 2919 salis,
1259 2843 1409 2906 autsrrr'ur'ri·

365 2931 877 2996 tumbocloooediticodices,etmaou
919 2933 979 2987 dest
1004 2933 1096 3005 magis.
1120 2930 1210 2987 Haeo.
1238 2966 1278 2977 -
1304 2931 1408 2984 oroma

365 3012 464 3067 exarati
494 3011 633 3066 dissident.
665 3014 698 3065 ln
729 3010 877 3084 exemplari
920 3034 972 3067 sea.
993 3014 1095 3067 Broter.
1117 3012 1238 3065 drcclrrm
1257 3013 1326 3073 ἅπτῃ·
1344 3022 1366 3063 et
1381 3020 1410 3059 tr·

366 3094 431 3164 Reg.
448 3112 478 3157 a,
497 3104 568 3145 eteo
586 3090 661 3163 quod
682 3092 820 3145 Pintianus
837 3092 878 3144 ri·
921 3111 983 3147 men
1009 3112 1040 3146 ex
1065 3094 1130 3164 Reg.
1153 3091 1215 3145 cod¹
1240 3094 1255 3145 5
1281 3094 1317 3145 sic
1338 3092 1408 3160 legen·

365 3170 422 3236 dit,
438 3198 450 3221 ι
463 3172 525 3227 Pari
536 3173 623 3227 obolis
634 3185 661 3225 et
674 3170 789 3225 cimoliae
799 3182 877 3225 crete
921 3171 986 3227 dum
1008 3182 1096 3226 censet
1112 3190 1119 3224 :
1137 3194 1148 3217 ι
1163 3171 1258 3225 Obolis
1275 3189 1306 3224 ex
1323 3168 1408 3222 cimolia

365 3252 499 3307 drachmas
513 3270 557 3305 sex
573 3270 581 3306 t
595 3254 656 3306 uris
676 3251 729 3305 tusi
746 3250 878 3305 drachmae
921 3265 992 3306 creta
1007 3251 1130 3317 duobus,
1141 3250 1277 3304 drachmis
1287 3250 1409 3303 duahusu

367 3331 428 3386 dua
451 3350 458 3384 :
478 3350 595 3403 squamae
617 3332 709 3385 ferreas
735 3330 849 3384 totidem
870 3348 877 3383 :
923 3348 992 3399 sare,
1006 3329 1118 3384 totidem
1134 3349 1149 3384 e
1166 3350 1275 3401 squama
1289 3330 1359 3393 ferri,
1371 3336 1410 3380 tot·

367 3430 435 3465 certe
447 3430 509 3465 sex:
522 3412 575 3464 olei
588 3411 723 3464 sextarius.
735 3436 747 3457 ι
763 3410 821 3463 llos
830 3421 877 3471 est,
922 3411 993 3465 idem
1006 3412 1087 3475 ferri,
1102 3408 1214 3464 totidem
1228 3430 1307 3476 ceras,
1324 3428 1352 3463 er
1364 3406 1409 3460 olto

367 3492 389 3547 si
414 3491 531 3561 priorem
549 3510 642 3545 rocem
664 3493 722 3561 puri
748 3490 879 3561 excipias,
922 3492 1057 3545 sertorius.
1076 3516 1087 3539 ι
1104 3490 1288 3556 Harioleutur‚
1305 3488 1348 3561 qui
1362 3502 1411 3557 ope

368 3582 460 3626 catera
472 3584 536 3624 suut
549 3570 636 3643 paria,
652 3583 679 3623 et
700 3571 805 3642 gemina
819 3588 879 3623 cum
922 3590 980 3625 ram
994 3570 1106 3642 perdere
1119 3570 1223 3623 volunt.
1234 3570 1285 3623 Eo.

368 3652 473 3721 iisque
483 3669 533 3703 nos
546 3649 687 3703 edidimus.
704 3652 740 3702 Ar
751 3650 809 3722 typi
824 3649 881 3703 vul·
964 3651 1077 3703 XLVII.
1099 3666 1123 3704 r.
1139 3650 1222 3723 Atque
1237 3648 1364 3701 modas.
1375 3642 1411 3694 51·

369 3731 423 3802 gati
433 3742 562 3802 quantum
576 3727 639 3783 inde
655 3730 757 3782 absunt.
772 3757 783 3779 ι
799 3730 880 3784 Com·
924 3744 1000 3784 votus
1020 3728 1055 3783 de
1079 3729 1188 3782 Numm.
1211 3742 1264 3783 snt.
1287 3728 1316 3781 P.
1332 3727 1370 3788 ll,
1387 3741 1410 3783 ἰ

368 3810 479 3881 ponitur
495 3810 547 3863 hoc
562 3808 643 3861 modo
662 3830 669 3860 a
689 3808 775 3863 obolis
794 3828 825 3862 ex
843 3809 881 3862 ci·
925 3830 951 3882 p.
969 3812 1018 3876 46,
1032 3810 1174 3881 plumbum
1195 3806 1330 3863 candidum
1343 3809 1412 3857 ceaoel

371 3889 451 3942 molia
466 3901 536 3942 creta
556 3887 674 3953 duobus,
692 3888 825 3944 drachmis
837 3906 881 3941 sex
924 3888 992 3942 illud
1003 3887 1157 3961 esse,quod
1169 3908 1217 3943 nos
1228 3888 1412 3957 sulgostauuuru

370 3987 401 4021 ex
415 3976 481 4035 tere',
495 3968 607 4022 totidem
625 3985 656 4021 ex
674 3986 782 4039 squama
799 3968 879 4030 ferri,
925 3969 1121 4040 duplicatum,
1144 3987 1190 4021 seu
1211 3968 1289 4021 molle
1311 3964 1411 4017 dirimat·

369 4046 481 4100 totidem
499 4065 580 4110 cero,
599 4068 630 4101 ex
651 4048 703 4100 olei
724 4049 876 4101 sextario.»
926 4048 1115 4120 Adstipulatur
1139 4046 1226 4101 eidem
1252 4037 1413 4099 Aldroraudm

371 4127 444 4180 Nihil
465 4126 591 4181 audacius
610 4127 665 4181 dici
688 4140 716 4180 et
737 4128 880 4199 excogitari
925 4128 959 4183 de
973 4129 1073 4182 Metall.
1091 4128 1119 4193 l,
1135 4147 1162 4197 7,
1182 4146 1238 4199 pap.
1262 4127 1319 4179 160.
1339 4120 1368 4173 ll·
