2950 5000
427 477 585 577 LIBER
608 476 789 547 XXXIV.
987 542 990 545 ,
1074 471 1141 571 159

105 610 253 694 usuam,
271 608 340 679 tuit.
356 608 423 679 ssd
435 596 537 681 hoeo¹³
547 610 589 679 ad
608 608 776 678 inlinitum
795 606 942 677 effloruit
959 604 1139 676 multorum

103 714 282 785 solumiuum
305 740 422 809 opera,
449 718 476 786 si
501 718 573 812 quis
598 713 695 811 plura
722 715 876 813 persequi
905 712 1007 783 velit:
1028 715 1140 783 omnia

38 877 43 885 .
103 822 172 890 euim
187 823 253 916 quis
273 820 399 916 possit?

144 929 242 997 tvtt.
261 930 301 997 lu
317 926 366 997 M·
386 928 521 999 Scauri'
543 927 698 999 aedilitate
716 928 780 996 tria
800 924 900 995 millio
923 925 1092 1020 signorum
1107 926 1141 995 in
1161 954 1172 987 ι

101 1056 180 1103 soeua
197 1048 321 1104 tantum
344 1033 437 1104 fuere
458 1036 660 1130 temporario
683 1031 844 1103 theatro².
867 1017 1140 1129 Mummius³tde

100 1139 171 1209 sicta
183 1141 300 1209 hclmia
316 1139 457 1235 replerit
473 1142 625 1212 Urbem:
646 1142 717 1236 ipsa
734 1140 874 1239 excessit
892 1164 958 1207 non
969 1137 1143 1209 relicturus

99 1242 160 1315 filie
179 1245 297 1317 dotem.
327 1248 402 1316 Cur
424 1249 513 1319 enim
542 1274 610 1318 non
638 1272 715 1317 oum
740 1246 951 1315 excusatione
977 1242 1145 1339 ponatur?

135 1419 169 1475 13.
178 1420 321 1475 Sestum
327 1420 461 1492 infinitum,
470 1437 521 1479 ete.
531 1426 589 1478 Sta·
629 1437 659 1478 tu
671 1443 764 1495 parce,
775 1442 856 1493 genua
866 1420 995 1495 quiducis
1007 1422 1141 1494 Olympos

97 1500 397 1563 insinuantium.
630 1502 734 1574 Projice
751 1504 801 1555 telu
822 1522 916 1564 manu,
940 1503 1044 1573 sanguis
1058 1522 1139 1556 meus.

130 1580 209 1635 ltu.
221 1600 244 1637 s.
256 1582 588 1637 at.50a·rt.1)eeomutu
630 1585 679 1636 Ille
703 1582 863 1653 triumphata
886 1582 1015 1653 Capitolia
1036 1582 1071 1635 ad
1091 1582 1142 1635 alta

96 1661 178 1714 hsoou.
192 1660 253 1715 Ped.
268 1664 297 1717 iu
313 1676 382 1717 orat.
396 1663 453 1718 cte.
466 1683 517 1734 pro
531 1683 564 1716 eo
579 1681 587 1718 ι
631 1663 762 1718 Corintho
775 1662 873 1716 Victor
886 1675 945 1733 aget
959 1680 1085 1725 currum,
1095 1681 1143 1717 css·

95 1742 166 1794 multa
183 1742 281 1795 Plinius
300 1742 424 1795 similiter
443 1740 478 1795 de
492 1761 589 1813 geuene
630 1744 666 1795 sis
678 1742 787 1813 iusignia
798 1741 915 1796 Achivis.
934 1744 1016 1795 Eruet
1029 1742 1074 1795 ille
1088 1741 1143 1795 Ar·

95 1818 588 1891 ejusdenortheseditinteffixxvt,
630 1840 693 1894 gos,
709 1821 983 1893 Agamemnoniasque
1000 1820 1144 1894 Mycenas,

97 1901 229 1963 affluo.
631 1903 778 1973 Ipsumque
798 1899 944 1962 AEsaidem,
966 1919 1048 1972 genus
1062 1902 1143 1953 armi·

128 2000 152 2031 a.
168 1982 320 2053 rapomto
341 1982 443 2033 theatro.
460 1982 514 2033 Vix
534 1999 590 2033 uno
631 1982 748 2053 potentis
759 1980 894 2034 Achillei:
910 1981 988 2033 Ultus
999 2000 1062 2033 nvos
1075 1981 1144 2033 Tro·

93 2056 590 2126 menseduraturo,utdiceturXXXVl,
629 2063 679 2132 je,
691 2061 788 2131 templs
802 2073 828 2113 et
840 2072 966 2113 temerata
977 2060 1113 2113 Minervae.
1128 2085 1139 2107 ι

97 2156 125 2202 a,
146 2156 221 2209 mum
245 2152 315 2193 stent
332 2140 362 2193 in
387 2138 464 2191 Urbe
484 2152 589 2194 caetera.
632 2141 679 2193 tlte
694 2158 777 2212 quum
800 2138 865 2193 dicit
888 2141 963 2209 priua
979 2138 1143 2210 appellatum

93 2217 278 2289 l'eaapontiam
300 2222 359 2290 ejus
375 2218 470 2273 theatri
486 2238 589 2272 moram
631 2219 763 2273 eduohus
778 2219 899 2290 proxime
916 2218 1146 2284 commemoratis,

93 2297 184 2353 Plinius
192 2300 227 2352 ait
238 2299 334 2359 luisse,
347 2300 409 2353 loeo
421 2298 543 2369 proxime
554 2298 592 2351 ci·
632 2300 683 2352 hoe
694 2310 743 2365 est,
756 2317 886 2364 socerum,
895 2298 941 2370 qui
951 2298 967 2351 J
970 2298 1039 2351 aliua
1048 2300 1145 2366 Caeaar,

92 2378 245 2433 tatollsso.
538 2409 540 2412 ·
633 2378 761 2449 designat.
784 2379 850 2432 Nam
874 2380 901 2431 in
920 2379 971 2441 hac
990 2379 1145 2431 recensione
1172 2436 1175 2445 .

128 2456 154 2513 3.
171 2458 307 2513 limina.
328 2458 459 2512 Achaicus
475 2457 539 2522 ille,
557 2456 593 2511 de
633 2460 753 2513 virorum
768 2458 929 2520 illustrium,
943 2456 1065 2511 ordinem
1078 2470 1145 2511 tem·

95 2553 146 2606 qao
155 2557 202 2593 uos
212 2541 277 2594 alias
285 2541 390 2610 mpius.
402 2543 467 2592 Aur.
476 2539 547 2592 vin.
557 2537 593 2592 de
633 2557 731 2609 porum
740 2538 979 2609 mevatdiligenter.
987 2537 1079 2609 ltaque
1087 2551 1147 2610 post

93 2617 158 2670 Vin's
173 2619 215 2672 Ill.
228 2623 281 2672 60:
301 2645 313 2667 a
334 2619 482 2672 Mummius
495 2620 592 2671 Corin·
634 2619 764 2672 Caesarem
774 2632 800 2672 et
814 2618 972 2689 Pompeium
982 2630 1146 2688 praepostere

93 2695 161 2750 thum
181 2697 261 2769 siquis
279 2697 431 2770 tabulisque
447 2697 590 2768 spoliarit:
634 2716 665 2750 ac
679 2697 792 2751 ridicule
810 2697 1146 2761 Mummiumhchaioum,

93 2777 180 2846 quihus
197 2796 280 2848 quum
296 2791 381 2831 totam
400 2778 527 2847 replesset
544 2777 594 2829 lta·
634 2778 680 2848 qui
693 2791 799 2831 centum
812 2790 874 2830 ante
887 2777 964 2828 anuis
976 2777 1052 2842 obiit,
1065 2775 1147 2830 deno·

92 2855 163 2920 liam,
179 2857 207 2909 iu
226 2855 337 2909 domum
353 2873 427 2910 suam
443 2857 512 2910 nihil
527 2874 593 2910 oou·
636 2869 718 2923 taret;
733 2867 759 2910 et
772 2857 834 2910 satis
844 2855 1008 2928 negligenter
1021 2855 1147 2927 quidem,

92 2935 155 2988 talis.
173 2961 185 2983 ι
210 2937 254 2990 Sia
276 2937 396 3008 epitome
416 2936 506 3002 Livii,
532 2935 592 2988 Lll.
634 2953 689 2989 nou
703 2934 922 3008 appellatoeode
936 2935 1055 2998 nomine,
1064 2953 1148 3007 quum

92 3013 324 3086 Pmatin.8trsteg.
333 3016 385 3080 IV,
396 3013 429 3072 3:
443 3017 496 3068 «L.
507 3016 595 3068 hlum-
635 3027 742 3070 eeteros
759 3035 850 3069 omues
863 3015 986 3087 appellet.
1004 3015 1044 3068 De
1061 3033 1149 3086 popu·

91 3094 153 3148 nias
162 3097 224 3167 qui,
233 3096 365 3150 Corintho
375 3107 451 3166 rapta
461 3134 468 3160 ,
479 3113 534 3148 nou
545 3096 595 3147 lta·
635 3095 669 3148 lis
677 3095 855 3166 triumphasse
866 3097 994 3149 Caesarem
1009 3094 1095 3164 ipsum
1105 3093 1150 3146 hio

91 3173 147 3226 liam
159 3176 261 3238 solum,
276 3173 323 3228 sed
336 3175 416 3228 etiam
428 3175 595 3246 provinciam
636 3173 714 3240 dicit,
723 3193 838 3246 quorum
851 3177 964 3246 majores
972 3175 1000 3226 in
1010 3171 1150 3226 obsidione

91 3253 181 3308 nauli.
194 3253 340 3324 statuisque
354 3254 507 3319 exornavit,
525 3251 594 3307 adeo
636 3253 725 3326 Trojaa
735 3255 818 3308 luere.
832 3255 865 3308 Hi
875 3265 937 3307 sunt
948 3251 1047 3306 Achivi
1058 3265 1083 3305 et
1097 3251 1149 3306 Co·

91 3333 153 3385 nihil
169 3351 203 3386 ax
218 3333 299 3387 tantis
317 3334 451 3387 merbiis
470 3334 498 3386 in
517 3349 595 3386 aarum
636 3334 740 3388 riutbii.
762 3333 849 3406 Argoa
867 3336 893 3388 in
911 3333 1112 3403 Peloponneso,
1124 3343 1152 3385 et

91 3414 232 3478 maneam,
255 3425 286 3465 ut
303 3413 387 3466 liliam
409 3416 466 3483 ejas
486 3415 596 3483 inopem
638 3413 775 3485 Mycenae,
796 3427 823 3468 et
841 3413 990 3474 Phthiotis,
1011 3431 1069 3483 qua·
1083 3411 1151 3464 ditio

92 3505 189 3546 masa
199 3509 233 3546 ex
245 3491 357 3565 publiea
369 3491 510 3546 dotaverit.
525 3519 537 3540 ι
551 3493 597 3545 Est
639 3493 691 3547 tuit
702 3491 831 3559 AEscidm,
845 3493 896 3546 hoo
908 3505 960 3554 est,
974 3489 1153 3562 Neoptolemi,

92 3569 116 3623 is
133 3571 247 3626 AEueida
260 3573 336 3625 locus
352 3573 386 3625 ab
404 3573 596 3642 interpretibus
639 3574 668 3625 in
676 3573 820 3626 Thessalia.
836 3573 874 3624 De
889 3573 1021 3626 Corintho
1035 3572 1153 3642 quidem,

91 3649 596 3724 haumpmpouereimattenunvl,
640 3650 1152 3724 etPeloponnesoeiadherentemium·
1238 3675 1243 3682 ·

93 3748 115 3780 v·
128 3733 182 3786 tao
191 3751 252 3804 sqq.
270 3749 283 3773 ι
296 3731 445 3803 Aggeribus
460 3749 536 3784 soeer
552 3731 596 3783 ΑΙ·
639 3731 733 3804 phasse
745 3732 873 3785 Caesarem
883 3730 957 3794 dicit,
969 3731 1093 3802 quoniam
1106 3729 1155 3782 Co-

92 3808 168 3880 piais,
182 3823 266 3883 atque
276 3829 338 3864 aree
350 3811 466 3864 ldouoeei
482 3812 597 3864 Deaoen·
640 3811 726 3864 riuthi
736 3811 867 3864 coloniam
876 3807 1042 3873 condidit,ut
1050 3806 1153 3862 nummi

92 3887 166 3955 dm,
193 3909 279 3962 gener
308 3889 426 3943 adversis
454 3889 599 3943 instructus
642 3891 725 3961 ipsius
747 3889 818 3943 haud
846 3891 923 3962 pauni
950 3901 1087 3942 testantur.
1115 3889 1155 3940 De

92 3966 156 4022 Bate
163 3971 206 4024 tta
216 3971 313 4044 pueri,
322 3989 357 4024 ue
365 3981 440 4023 tauta
448 3970 543 4022 auimis
552 3968 600 4023 ad·
642 3967 798 4023 Phthiotide
806 3981 833 4022 et
838 3967 987 4031 Thessalia,
997 3967 1068 4021 bello
1076 3968 1157 4021 Phar·

93 4047 598 4121 nasdtehellazlieupatritesalidasin
643 4049 733 4103 salico.
758 4047 824 4102 Nam
851 4047 992 4101 Pharsalici
1018 4049 1105 4120 campi
1129 4047 1157 4099 in

93 4127 184 4182 risset·
195 4131 293 4184 vertite
304 4129 375 4182 vires
386 4149 394 4180 r
407 4129 504 4199 Tuque
515 4128 601 4197 prior,
644 4128 782 4182 Thessalia
798 4140 866 4180 aunt.
886 4126 976 4180 llam).
