2950 5000
279 473 284 482 ·
356 440 432 514 316
621 451 660 522 C.
689 449 859 522 PLINII
887 451 997 520 NA'I‘.
1025 450 1153 520 HIST.

324 597 336 630 ¹
409 578 571 648 XXXIV.
591 570 703 673 (vrri.)
718 584 818 653 Nunc
830 581 977 653 celebres
988 583 1021 650 in
1031 605 1069 652 ea
1081 596 1152 650 arte
1165 606 1259 675 quam
1274 579 1392 648 rnasinn

358 681 523 756 brevitate
540 710 753 780 percurram:
769 689 974 786 nequeenim
986 689 1126 758 instituti
1139 689 1245 783 operis
1260 701 1306 755 est
1319 683 1392 754 talis¹

356 790 535 861 exsecutio.
553 795 671 888 ltaque
686 796 849 890 quosdam
865 794 917 866 vel
931 797 967 878 ¹iu
987 809 1178 864 transcursu
1188 791 1211 878 ²,
1227 807 1259 862 ct
1275 795 1305 861 iu
1327 790 1393 858 alio·

355 919 431 966 rum
445 900 614 970 mentione
623 901 733 971 obiter
744 903 930 972 nominasse
941 903 1019 970 sutis
1029 901 1111 986 crit,
1122 902 1266 994 exceptis
1278 921 1394 992 operum

355 990 591 1089 claritatibus³,
608 1031 683 1101 quae
698 1021 735 1078 et
752 1010 823 1104 ipsa
841 1009 1018 1078 conveniet
1035 1008 1174 1099 attingi,
1190 1007 1258 1074 sive
1272 1015 1397 1080 exstant,

353 1107 423 1176 sive
438 1109 645 1182 intercidere.
664 1117 742 1184 Non
756 1129 887 1184 constat
904 1114 966 1184 sibi
982 1116 1015 1182 in
1034 1113 1098 1182 hac
1116 1125 1209 1206 parte
1227 1115 1397 1181 Graecouun

326 1211 537 1322 diligentia,
560 1218 682 1289 multas
701 1235 778 1316 post
802 1219 1019 1316 Olympiadas
1043 1217 1241 1288 celebrando
1263 1219 1399 1311 pictores,

354 1344 454 1413 (luam
470 1326 646 1394 statuarios
656 1312 680 1413 ⁴,
692 1351 733 1396 ac
750 1342 917 1412 toreutas3
930 1327 1141 1421 primumque
1160 1321 1347 1418 Olympiade
1359 1343 1400 1386 no-

355 1429 538 1520 nagesima,
555 1455 659 1524 quum
677 1448 712 1502 et
730 1433 882 1502 Phidiam
901 1418 1027 1527 ipsum⁵
1039 1433 1132 1500 initio
1151 1432 1306 1525 pictorem
1319 1426 1400 1496 luisse

356 1532 517 1621 tradatur,
531 1535 792 1634 Olympiumque
806 1539 944 1612 Athenis
960 1538 1003 1606 ab
1024 1563 1066 1608 eo
1084 1521 1224 1632 pictum⁶
1241 1561 1249 1605 :
1268 1547 1402 1630 preterea

356 1729 415 1783 pag.
430 1731 476 1784 77.
493 1711 537 1767 Sic
550 1715 719 1786 appellabant
737 1717 868 1789 templum
911 1715 997 1770 ruisse
1018 1728 1097 1787 atque
1116 1713 1305 1768 demonstrasse
1326 1709 1404 1762 merito

357 1791 449 1846 Diana
458 1792 574 1846 Aricinus
588 1797 615 1847 in
627 1815 737 1849 nemore
746 1797 867 1867 positum.
910 1795 1056 1866 judicatur.
1078 1821 1092 1841 a
1114 1795 1146 1846 In
1170 1793 1322 1846 auctoribus
1338 1791 1404 1842 libro·

332 1871 576 1944 ‘Strabo‚V,pag.
592 1871 752 1944 13ςεῦδῦ
765 1868 870 1948 Ᾰρτεμί-
911 1894 972 1929 rum
994 1874 1117 1927 XXXIII
1137 1884 1164 1927 et
1185 1873 1314 1934 XXXIV,
1327 1871 1405 1922 ttae

355 1950 443 2016 siaul
456 1959 558 2006 καλοῦσι
569 1957 732 2025 Νίμος...1ῗις
744 1953 773 2009 <ll
786 1947 871 2026 dessi-
912 1955 1015 2020 chinus,
1024 1977 1034 1998 ι
1044 1953 1091 2025 qui
1100 1952 1134 2006 de
1145 1953 1274 2005 toreutice
1283 1948 1403 2020 scs-ipsit.-

355 2049 396 2092 *ης
410 2031 438 2083 at
454 2031 531 2102 lepis,
547 2045 598 2088 etc.
613 2033 728 2087 Ovidius
746 2054 753 2087 ε
770 2061 782 2083 ι
801 2035 869 2088 Eece
911 2033 946 2088 Et
958 2047 1021 2088 nota
1036 2043 1179 2085 toreumata.
1197 2033 1241 2086 Sic
1255 2031 1365 2092 invenit,
1375 2028 1405 2080 dt

353 2110 513 2164 suburbana
548 2115 677 2184 templum
713 2133 869 2168 nemorense
911 2111 1222 2184 expedivitlrunclocum
1232 2123 1260 2164 et
1269 2109 1403 2164 Pindasos:

355 2187 454 2244 Dianae.
466 2191 520 2243 ·Et
527 2193 710 2264 sacerdosejns
718 2213 767 2247 rex
775 2197 871 2248 Nemo·
912 2191 958 2246 sed
974 2195 1002 2246 st
1017 2205 1078 2256 taur,
1098 2193 1125 2244 in
1142 2210 1198 2263 quo
1213 2191 1258 2244 ille
1271 2185 1406 2244 collocando

354 2269 437 2322 censis
449 2272 641 2343 appellabatur.
653 2276 693 2328 De
703 2274 791 2328 Aricia
800 2274 869 2328 Latii
912 2273 1028 2338 laborat,
1043 2284 1159 2344 quatuor
1178 2271 1264 2324 nostri
1278 2287 1333 2322 nou
1342 2285 1407 2338 agno·

354 2347 457 2420 oppido
470 2349 588 2404 diximus
603 2353 631 2406 in
645 2353 800 2426 Geograplr.
817 2355 870 2407 111.
912 2365 997 2406 scunt.
1021 2353 1055 2404 Et
1077 2363 1150 2406 certe
1171 2349 1251 2403 Plinii
1272 2367 1343 2401 mens
1354 2345 1407 2400 illud

354 2428 391 2482 Η.
405 2459 445 2473 -
462 2433 493 2484 le
508 2451 601 2484 musore
621 2434 719 2485 Dianae.
735 2435 781 2487 Est
794 2433 869 2487 lucus
912 2430 1051 2505 repudiat,
1065 2428 1292 2504 quemadmodum
1306 2425 1370 2499 (que
1380 2425 1409 2477 sl·

355 2510 447 2563 Dianae
456 2503 484 2565 in
492 2514 793 2567 suburbano‘luscnlani
801 2512 867 2585 agri,
913 2526 969 2566 tera
990 2512 1105 2565 Pintiani
1134 2512 1289 2581 conjectura
1316 2500 1408 2575 estlri

356 2588 483 2657 Fraseats',
498 2592 580 2657 eollet
595 2592 697 2664 dequo
711 2592 814 2647 dictum
828 2612 870 2646 su·
912 2612 983 2665 quam
1005 2590 1076 2645 demi
1099 2608 1156 2644 non
1181 2592 1293 2661 patitur.
1316 2588 1409 2640 IIirtttu

354 2687 402 2739 prs
422 2670 469 2724 lilt.
486 2672 568 2734 XVI,
582 2692 640 2745 esp.
659 2690 704 2740 91.
723 2673 766 2727 CI.
782 2673 868 2727 Tacit.
912 2672 983 2725 eninr
998 2672 1078 2725 luisse
1092 2670 1138 2743 qui
1151 2670 1313 2731 scriberent,
1326 2666 1411 2720 nobiles

353 2747 455 2804 Annal.
468 2750 518 2804 lib.
531 2752 599 2818 XII,
611 2771 669 2823 cap.
682 2754 710 2805 8.
724 2754 808 2806 Bane.
911 2751 1051 2806 statuarios
1068 2762 1095 2804 et
1112 2762 1230 2805 toreutas
1245 2749 1364 2803 claruisse
1374 2746 1411 2797 ali·

394 2828 528 2885 XXXIV.
540 2848 564 2885 r.
577 2833 655 2885 Talis.
667 2832 739 2885 Brut.
749 2851 782 2885 ex
793 2830 869 2885 MSS.
912 2844 979 2903 quot
998 2828 1207 2904 Olympiadibus
1227 2843 1364 2899 antequem
1380 2826 1411 2895 pi

355 2908 619 2979 lieg.Dalec.eted.
632 2911 770 2986 principe,
788 2912 870 2983 ample
912 2923 1011 2975 stores,
1043 2923 1071 2964 et
1099 2910 1148 2963 hos
1179 2910 1293 2981 cupisse
1320 2905 1410 2959 demun

354 2992 482 3044 mesano.
496 2990 548 3044 Eo.
912 2990 985 3044 nosci
991 2988 1153 3062 Olympiade
1160 2990 1410 3059 nonagesima,qouu

396 3087 423 3123 a.
439 3069 493 3122 Vel
501 3075 526 3122 s'u
536 3082 626 3124 transe.
637 3072 710 3124 Brut.
721 3089 753 3123 ex
769 3072 835 3141 llep.
852 3070 867 3125 ⁵
911 3082 1013 3124 constet
1029 3067 1172 3132 Phidiam,
1187 3080 1237 3121 ete.
1249 3069 1370 3122 Gronov.
1382 3095 1411 3107 -

354 3159 382 3200 ct
392 3148 433 3203 ed.
446 3151 532 3220 princ.
544 3151 613 3203 uelut
623 3155 648 3203 ἑκ
660 3164 749 3203 transe.
765 3152 817 3203 Et).
912 3148 1050 3221 Tapteris,
1060 3150 1208 3212 celatores,
1217 3150 1262 3201 rel
1275 3149 1352 3201 etiam
1358 3142 1410 3197 seol-

396 3228 422 3279 3.
440 3230 545 3299 Operum
556 3230 716 3283 claritatibus.
732 3230 868 3301 Operibus
913 3241 1020 3303 ptores,
1030 3230 1065 3281 sit
1075 3229 1230 3283 rimasse.
1241 3230 1298 3282 Eo.

354 3308 512 3362 clarioribus
525 3332 533 3373 ;
545 3323 577 3363 nt
586 3311 649 3363 alibi
660 3312 786 3362 tertarum
798 3312 871 3363 etart-
955 3308 982 3363 5.
1000 3310 1081 3379 (leam
1098 3320 1122 3360 et
1137 3308 1254 3360 Phidiam
1275 3312 1360 3379 ὅρκια,
1373 3316 1410 3357 ett-

356 3399 409 3450 tas,
421 3408 471 3460 pro
486 3390 627 3442 clarioribus
638 3390 725 3443 lerdis.
736 3392 788 3443 En.
912 3388 1000 3454 Quem
1014 3388 1134 3442 floruisse
1143 3386 1261 3459 Olymp.
1271 3404 1374 3449 assurt,
1383 3401 1412 3434 so·

395 3474 423 3531 6.
442 3469 505 3521 Tam
526 3470 613 3522 molem
631 3483 689 3541 post
709 3470 870 3541 Olympiadas
911 3470 1018 3541 periore
1028 3469 1098 3523 libro
1109 3464 1326 3539 indicavit‚cap.
1341 3482 1378 3533 19.
1387 3464 1409 3513 ll·

354 3548 497 3600 celebrando
512 3552 630 3620 pictores,
651 3570 721 3624 quart
738 3554 870 3602 statuarios
955 3552 980 3602 6.
998 3546 1302 3620 OlympiumqsseAtlreuis
1312 3546 1343 3598 ed
1353 3545 1413 3611 erpi·

355 3639 463 3680 atreum
478 3620 527 3696 (sic
551 3625 649 3701 prius).
667 3630 722 3695 Qui
745 3642 806 3683 sunt
826 3630 869 3683 isti
912 3640 985 3681 ctum.
998 3628 1101 3694 Quaeris
1113 3628 1174 3699 quis
1181 3626 1215 3680 sit
1227 3626 1281 3681 iste
1292 3626 1412 3699 Oltrpt'ss'

354 3720 464 3759 auctores
472 3704 610 3761 statuarii?
617 3710 697 3763 Voss.
710 3711 870 3765 «statuarios
912 3707 1036 3761 Pericles.
1059 3708 1120 3759 Lib.
1144 3706 1287 3771 XXXIV,
1309 3708 1325 3760 8
1344 3727 1349 3757 :
1367 3702 1412 3753 «Et

354 3799 445 3840 actore
464 3800 495 3840 nt
508 3789 554 3842 hos
568 3789 747 3863 primumque.
766 3816 777 3837 ι
797 3790 867 3861 Lege
913 3787 1072 3861 Olympium
1094 3786 1226 3839 Periclem
1256 3786 1362 3859 dignum
1379 3798 1411 3833 or

355 3866 412 3919 sine
423 3866 510 3921 dubio
525 3888 616 3941 :quam
635 3873 767 3923 statuarios
786 3890 816 3922 aa
833 3882 868 3923 to·
909 3868 1046 3939 gnomine.
1065 3892 1076 3915 s
1094 3868 1255 3937 lterumque
1272 3886 1279 3920 ι
1296 3893 1309 3914 ι
1325 3860 1412 3919 Peridlt

354 3958 444 4001 metes.
456 3948 532 4012 Quos
539 3949 603 4002 alibi
614 3950 738 4003 calaum
747 3962 831 4007 vocat.
841 3963 868 4006 ct
911 3948 1033 4021 Olympii
1045 3946 1155 4001 vernula
1169 3946 1217 4000 laic
1228 3947 1292 4000 luit.
1305 3972 1317 3993 ι
1331 3938 1411 3996 Diod*

354 4038 438 4078 artem
449 4027 558 4081 illorum
574 4033 725 4084 toreuticen:
738 4048 797 4101 esp.
815 4046 866 4083 ro:
912 4046 958 4082 rus
982 4027 1089 4081 Siculus
1111 4026 1159 4079 lib.
1190 4026 1247 4079 XII
1265 4046 1271 4078 ε
1292 4030 1373 4079 Τότε
1387 4016 1410 4069 di

272 4158 276 4165 ,
357 4130 369 4153 ι
381 4106 631 4181 primusqueastem
645 4112 791 4166 toreuticen
806 4126 868 4181 ape·
912 4104 1002 4179 ῥᾳδίως
1015 4106 1157 4195 scissitans
1170 4100 1219 4159 tit
1238 4110 1283 4165 τὴν
1302 4102 1411 4159 laudun
