2950 5000
308 426 381 499 600
584 428 624 497 C.
650 427 808 499 PLINII
833 421 942 493 NAT.
969 426 1098 495 HIST.

309 557 410 647 cus¹⁰,
426 560 537 629 minor
546 557 703 629 tautum¹¹
722 556 871 629 similiter
881 570 915 627 et
926 557 1116 629 nasceus¹²:
1131 562 1252 629 caetcris
1265 558 1359 654 pallor

276 680 293 733 ³
309 665 439 763 argenti
446 650 482 753 ¹³,
500 678 533 734 et
548 666 583 733 in
604 688 687 735 auro
704 690 774 735 non
794 664 857 733 uisi
875 662 1147 739 excellentissimo
1166 664 1294 735 natales.
1308 668 1358 733 ln-

308 886 417 952 Ruesia,
430 883 537 940 adamar
547 885 592 940 ori
605 883 754 938 columbini
765 900 822 936 rna·
865 882 924 935 euri
941 883 1063 937 metallis.
1082 883 1159 937 Libri
1173 885 1293 939 hactenns
1304 880 1360 937 editi

307 964 547 1037 gnitudine,qnem
558 982 629 1018 anno
642 963 822 1035 177nCatha·
865 961 980 1026 insulse,
1000 988 1011 1011 ι
1027 963 1128 1017 ceteris
1146 964 1230 1035 pallor
1244 964 1331 1035 gentis.
1347 988 1356 1009 ·

307 1046 367 1100 rina
386 1046 436 1109 11,
457 1045 656 1116 imperatrix,a
674 1055 822 1095 mercatore
865 1042 936 1106 Alii,
949 1042 1033 1111 pellor
1050 1045 1153 1113 ingens,
1166 1062 1291 1113 reponere
1305 1043 1361 1096 nite

307 1142 393 1196 greco
400 1125 467 1177 emit
477 1126 595 1189 45o,ooo
605 1123 708 1181 molles,
722 1122 822 1193 gallice
865 1121 972 1173 bantur.
986 1123 1051 1191 Reg.
1067 1140 1101 1186 a,
1120 1135 1147 1175 et
1161 1123 1239 1177 Colb.
1256 1124 1281 1187 3,
1298 1147 1308 1169 ι
1321 1138 1361 1173 ce-

308 1216 422 1257 moneto
431 1203 478 1255 lib.
490 1204 650 1269 natones,
664 1213 740 1273 pacta
749 1200 823 1254 iusu-
865 1199 928 1253 teria
950 1198 1076 1271 pallidior
1093 1213 1203 1271 argento
1222 1215 1249 1255 et
1268 1220 1358 1254 aare.»

307 1301 366 1353 per,
377 1280 505 1354 quamdiu
514 1294 646 1338 mercator
656 1281 822 1345 vixerit,au·
866 1280 1007 1335 Salmasius
1032 1280 1061 1332 in
1088 1280 1228 1345 solinum,
1253 1278 1361 1335 acateria

307 1380 375 1415 uuas
390 1374 504 1415 monetat
518 1374 615 1415 nostre
633 1360 680 1413 lib.
698 1378 821 1423 aoo,ooo.
866 1356 991 1431 pallidior
1000 1358 1034 1411 ad
1045 1372 1196 1429 argentum,
1207 1374 1233 1413 et
1242 1361 1269 1413 in
1280 1378 1361 1413 auro...

308 1442 404 1495 Fertur
416 1440 497 1495 laaiaac
509 1442 652 1511 subreptus
671 1440 700 1492 in
713 1438 821 1493 Indiae
864 1438 993 1503 natales.»
1010 1452 1041 1491 ut
1051 1443 1109 1493 huc
1119 1438 1155 1493 ad
1165 1439 1304 1495 Arabicum
1312 1436 1363 1491 ada·

308 1520 393 1573 milite
401 1520 471 1590 gallo
483 1518 624 1590 intemplo
633 1519 823 1571 Bmmoe.Uuus
865 1529 980 1571 mantem
998 1518 1162 1585 reserantur,
1183 1517 1218 1571 de
1241 1538 1292 1590 quo
1311 1536 1363 1589 pro-

308 1611 366 1653 erat
376 1617 408 1651 ex
418 1598 504 1651 oculis
512 1610 603 1651 stature
614 1596 692 1652 dicte
703 1596 738 1649 de
752 1596 823 1649 Sele·
865 1597 938 1649 xime
948 1609 1025 1649 antea
1037 1616 1125 1649 aermo
1141 1598 1202 1651 l'uit.
1215 1596 1278 1651 Mox
1289 1596 1363 1660 idem,

310 1682 415 1747 ningen.
441 1676 549 1731 Pondua
568 1679 625 1748 ejus
645 1678 699 1745 a93
719 1690 821 1730 caram
869 1701 882 1723 ι
895 1674 1038 1729 incudibus
1058 1676 1080 1729 is
1099 1675 1311 1748 deprehenditur,
1333 1675 1364 1727 ita

308 1756 410 1828 pejoris
430 1770 519 1811 autem
538 1756 649 1821 former,
677 1774 765 1826 neque
790 1776 822 1809 ex
865 1772 993 1825 respuena
1014 1755 1114 1821 ictum,
1135 1769 1186 1809 etc.
1204 1782 1214 1803 ι
1234 1758 1297 1821 Quat
1313 1768 1364 1807 suut

309 1835 488 1897 nitidiuimie,
503 1834 608 1889 videtur
618 1834 724 1888 adamas
735 1834 822 1907 impe·
866 1834 955 1887 omnia
967 1853 983 1887 a
996 1835 1134 1903 scriptoris
1141 1848 1230 1889 mente
1236 1834 1363 1889 admodum

309 1913 823 1986 ratorisllrasilierquipendetrao,sire,
864 1912 1054 1967 abhorrentia:
1076 1932 1139 1967 nam
1161 1914 1301 1969 Arabicam
1318 1913 1366 1984 pai·

310 1994 401 2049 otalii
415 1995 526 2059 volunt,
540 1993 576 2061 93
596 1988 753 2057 eamts3l43
777 1992 823 2045 sed
866 2010 940 2044 mum
967 1990 1134 2045 adamantem
1164 1996 1273 2045 similiter
1296 2006 1365 2063 atque

309 2092 365 2127 aon
382 2074 434 2126 t‘uit
447 2092 544 2139 casua,
558 2074 653 2144 utjatn
670 2090 751 2143 supra
765 2091 823 2125 mo·
866 2070 989 2125 Indicum
1011 2078 1079 2124 nesci
1096 2086 1158 2127 aute
1176 2072 1306 2144 prodidit,
1322 2074 1365 2124 hcc

310 2152 492 2206 unimunliu.
867 2162 922 2215 eat,
944 2169 1018 2203 mou
1040 2152 1069 2203 in
1092 2170 1175 2213 auro,
1202 2150 1247 2205 red
1267 2150 1365 2223 quadam

355 2250 399 2287 ro.
411 2230 503 2284 Similis
522 2243 559 2282 est
576 2231 632 2283 huic
650 2232 745 2302 quidem
756 2231 825 2284 Ara·
868 2230 984 2299 crystalli
998 2232 1179 2301 cognatione:
1200 2256 1212 2278 ι
1230 2233 1366 2303 ceterisque

311 2310 393 2375 bicas,
417 2323 468 2364 etc.
490 2310 584 2382 Lege:
607 2337 620 2359 ι
636 2310 735 2364 Similis
761 2310 824 2365 huie
868 2308 1009 2378 generibus
1021 2328 1177 2363 communes
1193 2308 1366 2382 deiuoepedo·

310 2390 449 2455 Arabicus,
461 2390 552 2442 minor
567 2402 686 2451 tautum,
704 2390 826 2443 similiter
869 2400 908 2441 tea
918 2406 961 2441 ena
975 2407 1030 2442 esse
1039 2389 1123 2454 velle,
1134 2390 1243 2461 palloris
1253 2390 1365 2442 nimirum

311 2488 437 2536 nascens,
464 2469 565 2524 ceteris
586 2467 711 2540 pallidior
735 2481 765 2524 nt
785 2487 827 2523 ar·
869 2468 1002 2539 argentei,
1016 2468 1171 2541 viriumque
1183 2468 1319 2524 incudibus
1330 2468 1365 2520 in·

312 2562 434 2620 gentum.
451 2553 487 2602 At
499 2549 527 2602 in
538 2567 603 2602 auro
614 2569 669 2602 uou
680 2550 732 2602 nisi
742 2550 826 2602 excel·
869 2545 1048 2610 domitorum,
1066 2562 1158 2620 aperte
1177 2549 1282 2621 prodit,
1295 2566 1365 2620 quum

311 2629 458 2682 lentissimo
466 2627 573 2682 natales.
588 2627 736 2682 Iucndibua
751 2627 827 2682 iade-
869 2628 996 2697 subjicit:
1008 2628 1116 2680 «Unum
1130 2647 1165 2681 ex
1175 2630 1208 2682 iis
1217 2643 1308 2682 vocant
1315 2646 1367 2680 ceu·

311 2707 498 2779 prehenditur,
511 2721 563 2761 etc.
575 2707 662 2762 sinu.
869 2705 970 2790 chron,
984 2731 995 2753 ι
1019 2725 1051 2758 ex
1072 2707 1105 2762 iis
1117 2727 1152 2760 sc.
1167 2709 1366 2780 generibusque

356 2803 401 2840 11.
415 2789 501 2840 Minor
513 2789 684 2840 tentamine
695 2788 776 2838 verba
788 2787 825 2840 aie
868 2786 951 2838 modo
969 2787 1168 2856 complectitur,
1191 2787 1296 2840 dotibus
1315 2786 1366 2838 asai-

311 2865 476 2920 Marbodeua
506 2867 624 2938 accepit,
654 2877 684 2918 ut
712 2866 826 2919 minoris
869 2864 969 2935 gnatis,
982 2867 1249 2936 quneuntomuibns
1264 2867 1365 2919 iiscou·

311 2946 392 3016 pretii
402 2945 528 3017 quidem,
544 2964 599 2998 non
607 2946 672 2999 item
682 2945 761 2997 molis
769 2963 824 2998 esee
869 2963 972 2998 munes.
997 2943 1110 2998 Errandi
1141 2959 1321 3016 argumentum
1342 2955 1364 2994 et

310 3025 559 3090 intellexerit,loco
573 3025 674 3078 citato:
688 3025 827 3078 ·Alterius
868 3042 972 3078 causam
991 3023 1119 3080 salmasio
1140 3023 1247 3078 Solinus
1268 3024 1363 3096 objecit,

310 3106 414 3176 grueria
421 3105 548 3177 producit
557 3103 825 3170 Arabcadaruantem,
868 3124 927 3176 cap.
940 3121 992 3167 nn,
1003 3123 1031 3174 p.
1047 3106 1092 3166 8²,
1107 3104 1154 3156 ubi
1167 3099 1363 3175 posteaquamde

311 3185 374 3237 Nou
388 3185 426 3238 ric
443 3186 573 3239 invictum
589 3205 596 3236 ε
615 3203 677 3237 nam
691 3185 825 3255 frangitur
867 3183 962 3236 Indico
973 3181 1115 3236 adamante
1124 3182 1203 3247 dixit,
1216 3183 1322 3236 Arabico
1329 3198 1362 3232 ue·

311 3265 412 3334 absque
425 3281 539 3318 cruore:
556 3265 613 3316 Nec
622 3283 670 3335 par
679 3263 743 3316 huic
754 3264 825 3316 nitor
868 3264 956 3334 glecto
965 3261 1102 3326 ,transiliit
1109 3261 1144 3314 ad
1157 3281 1240 3314 unum
1250 3280 1264 3315 e
1273 3257 1363 3330 reliquia

311 3357 368 3406 eet,
393 3344 528 3414 pretiique
552 3344 663 3396 minoris
686 3342 823 3396 habetur:
868 3341 1026 3413 generibus,
1039 3340 1073 3393 de
1088 3359 1141 3412 quo
1159 3341 1197 3393 sic
1208 3343 1269 3394 ille:
1287 3338 1363 3390 Aluit

311 3421 434 3476 Pondere
456 3423 491 3477 eit
515 3422 651 3494 quamvis,
673 3422 777 3476 enormi
798 3435 825 3475 et
868 3421 1019 3491 proximus,
1039 3421 1066 3472 in
1086 3421 1362 3474 excelleutissimoauro

312 3521 425 3572 corpore
439 3503 533 3572 major.
549 3528 560 3549 .
579 3503 670 3568 Haeo.
868 3499 1095 3569 deprehenditur,
1108 3497 1244 3569 pallidior,
1256 3518 1284 3552 ac
1294 3496 1363 3566 traps

299 3601 313 3620 ·
355 3598 401 3634 ta.
414 3581 532 3634 Similiter
538 3592 563 3632 et
571 3600 679 3633 msceres.
693 3580 754 3633 Hoc
769 3592 825 3645 eat,
846 3629 852 3638 ,
868 3579 902 3632 ad
913 3579 1013 3650 argenti
1024 3579 1142 3632 colorem
1155 3580 1294 3632 renitens.»
1306 3575 1362 3640 Qun

311 3671 343 3713 ut
357 3658 484 3726 Indicus,
498 3679 555 3713 nou
574 3660 603 3712 in
622 3679 687 3712 auro
701 3677 823 3722 nascens,
869 3659 1011 3712 Salmasius
1037 3656 1070 3712 ad
1089 3658 1234 3710 Arabicum
1257 3655 1362 3710 adaman·

311 3737 359 3793 aed
376 3738 491 3809 quadam
517 3738 634 3809 crystalli
657 3739 822 3809 cognatione.
869 3750 941 3802 tem,
958 3757 1038 3808 quem
1056 3737 1157 3789 Plinius
1175 3735 1264 3789 Indico
1286 3733 1361 3804 proxi·

356 3819 401 3871 13.
421 3820 521 3873 Ceteris
530 3820 615 3889 pallor
625 3822 728 3888 argenti.
741 3818 825 3872 Cete·
867 3835 941 3870 mum
955 3817 1032 3883 lacit,
1048 3817 1183 3888 pertinere
1195 3813 1306 3868 credidit
1316 3807 1359 3864 Sed

310 3897 348 3951 ris
369 3895 515 3952 adamantis
544 3899 701 3969 generibus,
728 3909 824 3967 prater
868 3894 1017 3949 adamantis
1039 3914 1139 3967 genera
1164 3895 1275 3955 Phaine,
1293 3905 1356 3961 quan

311 3975 474 4042 Arabicum,
486 3975 678 4050 Indicumque,
691 3977 777 4047 pallor
786 3989 824 4030 eat
867 3974 988 4040 Solinus,
1004 3976 1082 4046 plura
1096 3975 1226 4045 agnovit:
1247 3973 1290 4024 iete
1303 3983 1356 4038 qut·

313 4057 430 4127 argenti,
447 4058 547 4112 nntnlea
561 4056 588 4109 iu
612 4055 825 4110 excellentissimi
869 4067 943 4107 terna
955 4068 1073 4110 tantum:
1087 4073 1149 4108 seua
1159 4053 1213 4116 ille,
1223 4071 1251 4105 ac
1263 4049 1354 4102 diruta·
