2950 5000
301 378 374 468 654
576 383 618 451 C.
646 382 813 453 PLlNll
840 382 944 451 ΝΑΤ.
971 364 1098 451 Htsr'.

303 531 339 587 ot
354 513 447 585 albis.
467 516 513 587 Et
533 514 585 585 bae
604 538 738 610 quoque
753 529 870 585 contra
889 514 1083 609 scorpiones
1107 510 1230 585 valide.
1247 516 1354 587 Eadem

304 623 487 692 auctoritas
508 636 542 690 et
564 623 696 715 Cypriis
723 636 783 691 est
805 624 893 691 Sunt
916 620 973 715 qui
995 623 1140 689 maxime
1164 620 1298 715 probent
1311 626 1355 691 ri·

272 742 288 795 3
308 743 414 797 treum
432 728 701 821 perspicuitatem
716 728 751 795 in
772 727 824 797 his
835 725 870 795 ¹⁹.
885 728 1115 822 Reperiuntur
1126 742 1161 797 et
1172 728 1204 795 in
1214 728 1357 815 Thracia,

307 848 341 903 et
357 834 447 903 eirea
464 829 607 917 OEtam,
621 846 656 901 et
668 833 703 901 in
718 836 892 917 Parnasso,
907 846 943 901 et
957 834 992 901 in
1007 832 1137 918 lesbo,
1152 857 1192 903 sc
1207 836 1357 920 Messene,

306 937 431 1009 similes
448 934 589 1009 limitum
610 938 748 1008 floribus
756 940 792 1027 ²⁰,
813 952 848 1009 et
863 939 897 1007 in
911 937 1043 1009 Rhodo
1065 938 1147 1008 Atio
1161 938 1248 1035 apud
1262 964 1359 1035 magos

307 1044 512 1115 differentia.
524 1045 683 1114 Leoninae
695 1043 772 1139 pelli
787 1043 924 1130 similes,
933 1046 1115 1139 potentiam
1126 1043 1249 1115 habere
1260 1061 1360 1115 contis

307 1153 500 1246 scorpiones
516 1149 686 1221 dicuntur.
707 1152 748 1221 ln
765 1151 873 1221 Persis
893 1174 970 1221 vero
988 1150 1111 1251 suffitu¹
1122 1174 1235 1220 earum
1252 1166 1360 1247 tempe·

310 1271 411 1327 states
424 1256 549 1343 averti,
567 1269 604 1325 et
618 1268 779 1350 preterea
796 1254 978 1327 fulmina'¹.
994 1258 1237 1351 Argumentum
1252 1258 1360 1345 esse,si

309 1365 344 1432 in
366 1362 533 1431 ferventes
553 1362 700 1433 eominus
719 1362 840 1433 addite
859 1362 1079 1457 refrigerent:
1099 1362 1157 1431 sod
1177 1378 1214 1433 ut
1232 1365 1362 1459 prosint,

308 1466 448 1539 leoninis
460 1467 579 1560 jubis¹²
595 1465 800 1563 alligandas:
819 1490 897 1537 nam
913 1468 1039 1563 byaenae
1053 1466 1132 1565 pelli
1149 1468 1284 1538 similem
1300 1469 1364 1539 sbo·

275 1604 291 1661 4
309 1576 491 1657 inibantur,
509 1572 740 1644 discordialem
766 1574 940 1644 domibus.
959 1576 1042 1643 Eam
1067 1598 1169 1659 vero,
1194 1598 1265 1669 que
1280 1577 1363 1643 unius

308 1678 429 1751 eoloris
448 1668 536 1764 sit¹³,
556 1680 716 1749 invictam
734 1678 868 1751 athletis
887 1665 1011 1772 esse'b,
1022 1682 1263 1775 Argumentum
1287 1681 1360 1773 ejus,

310 1785 401 1881 quod
425 1786 460 1855 iu
486 1783 552 1854 olla
580 1783 679 1878 plena
703 1784 767 1855 olei
789 1800 885 1855 cocta
915 1810 993 1855 cum
1018 1786 1217 1882 pigmentis,
1237 1800 1270 1855 et
1290 1787 1362 1853 inm

313 1892 396 1960 duas
424 1891 526 1959 horas
556 1890 819 1977 subfervefacta,
845 1916 948 1961 unum
982 1890 1129 1961 colorem
1163 1916 1204 1959 ex
1228 1892 1363 1962 omnibus

312 1996 413 2067 facist
428 1996 520 2067 minii
528 1982 562 2065 ²⁵.
577 1998 712 2091 Acopos
731 1997 819 2067 nitro
839 1996 953 2068 similis
975 2012 1042 2077 est,
1065 1998 1254 2093 pumicosa,
1272 1998 1364 2067 eureis

311 2105 415 2198 guttis
428 2101 566 2173 stellata.
587 2104 676 2172 Cum
697 2103 761 2172 bec
780 2100 890 2173 oleum
913 2102 1196 2173 subfervefactum
1255 2104 1363 2172 runetis

313 2208 538 2315 lassitudinem
560 2200 611 2297 (si
629 2202 825 2301 credamus)
839 2207 947 2279 solvit.
974 2206 1192 2279 Alabastrites
1237 2210 1364 2279 nascitur

356 2362 647 2435 15).quan
663 2364 767 2434 prodent
786 2364 827 2415 el·
915 2364 962 2418 ι3.
986 2364 1051 2433 (lua
1067 2366 1139 2417 umus
1164 2366 1249 2417 mlors’s
1269 2366 1306 2417 sit.
1328 2362 1364 2417 Sit

313 2459 388 2499 m
400 2445 594 2516 perspicuitates
607 2447 633 2495 tn
646 2444 691 2496 liis.
706 2440 825 2514 Legend.
870 2442 947 2496 MSS.
960 2460 1068 2509 omnes,
1079 2442 1199 2516 editique
1208 2444 1280 2508 libri,
1291 2443 1366 2497 rectis·

318 2553 329 2575 ι
346 2525 416 2580 Sunt
436 2523 483 2594 qui
507 2524 622 2578 maxime
643 2524 764 2595 probent
786 2523 827 2574 si·
870 2523 1020 2577 sime:non
1032 2524 1365 2590 malleolos-innuimus

314 2619 398 2659 tressi
407 2602 827 2674 perspimsitstesn.lleperiuntnr
870 2601 1142 2656 nonantulano.

314 2699 341 2738 et
351 2685 393 2737 ltu
407 2684 436 2736 in
450 2682 574 2735 Tbrscis.
588 2707 600 2730 ι
611 2681 697 2735 Sim.
711 2712 752 2726 -
765 2680 829 2734 Suet
914 2688 960 2746 sd.
983 2683 1100 2734 Invictum
1120 2685 1218 2736 atlrfetls
1235 2705 1288 2736 esse.
1307 2681 1365 2734 luri·

314 2767 357 2835 qui
368 2765 477 2814 mine.
496 2761 667 2816 Solinusloe.
682 2761 729 2815 cit.
746 2787 758 2808 s
773 2760 827 2827 Qui
873 2773 931 2814 etos
947 2759 1061 2815 reddere
1083 2763 1204 2818 athletas.
1218 2764 1292 2817 Vires
1311 2781 1364 2815 con¹

316 2843 431 2896 maxime
443 2841 603 2912 probantum,
611 2840 830 2895 sitresmbsbent
872 2840 942 2894 ferre
952 2841 1113 2913 corporibus
1121 2839 1191 2896 dixit
1200 2841 1366 2896 Albertnsltls·

252 2927 255 2935 “
315 2921 544 2994 perspicuitstem,
557 2931 588 2973 ut
597 2919 722 2991 Cyprius.
736 2945 761 2973 ι.
773 2919 808 2972 Η.
873 2917 955 2992 gnus,
967 2918 1001 2973 de
1014 2921 1138 2980 fdiuersl.
1148 2921 1303 2994 lib.11,psg.
1312 2921 1364 2974 ssd.

358 3021 402 3055 so.
432 3000 546 3053 Limites
565 3000 677 3066 floridus.
705 2997 830 3052 Floribus
874 2999 982 3052 Scilicet
996 2998 1366 3074 quodomnispigmentsqul·

314 3081 362 3153 qni
378 3080 407 3132 in
422 3079 556 3134 limitibus
573 3097 698 3150 sgrornm
716 3095 832 3132 nascun-
873 3079 986 3133 boscum
1001 3079 1214 3150 insequebatur,
1231 3083 1296 3134 inu-s
1314 3078 1366 3132 dns

316 3175 370 3216 tes.
383 3159 475 3212 lisso.
873 3158 954 3213 borss
984 3159 1102 3212 colorem
1128 3177 1207 3214 snum
1228 3159 1363 3212 miniseeun

359 3259 405 3293 ιι.
422 3239 460 3292 Et
475 3247 595 3308 proeeem
611 3237 729 3306 fulmina.
744 3231 831 3290 Isido·
873 3239 981 3292 sorbere
1007 3237 1148 3310 sdigebst,
1174 3257 1208 3293 eo
1230 3247 1365 3309 argumento

316 3337 379 3383 ms,
392 3317 468 3388 Orig.
482 3317 531 3370 lib.
550 3316 638 3392 xvl,
655 3335 713 3387 esp.
734 3334 780 3380 ιι,
796 3313 830 3370 de
874 3318 979 3372 mntem
992 3318 1119 3372 invictum
1131 3337 1190 3372 esm
1203 3337 1257 3372 esse
1266 3331 1365 3390 pronus·

316 3399 429 3453 sebsts:
444 3421 457 3444 ι
469 3395 556 3466 tangi,
566 3395 671 3467 inquit,
685 3395 777 3449 suffitu
788 3413 831 3449 ea·
876 3397 986 3452 tisbsnt.
1002 3397 1095 3452 ilino.

317 3496 394 3539 rusi,
407 3472 570 3538 sineditur,
580 3487 831 3548 tempeststcssrer-
917 3477 963 3531 25.
972 3475 1054 3531 Menti.
1067 3477 1194 3531 lliniscei
1202 3477 1296 3532 coloris
1305 3473 1365 3528 sclu-

318 3569 393 3621 tunt,
408 3553 521 3608 flumina
531 3553 638 3609 sistunt.
652 3581 664 3601 ι
679 3555 720 3608 Ex
733 3555 831 3608 Plinis·
874 3568 920 3610 ten
930 3553 1020 3610 lsudst
1032 3569 1059 3610 et
1070 3557 1214 3628 Orpbeus,
1228 3558 1265 3611 tit.
1274 3549 1365 3624 bzu'ttt·

317 3637 360 3690 nis
371 3633 527 3700 codicibus,
542 3635 650 3702 sutum
672 3633 724 3706 legi
745 3635 830 3689 multo
873 3625 905 3690 bs
922 3632 949 3689 δ’
966 3635 1007 3706 lys
1030 3639 1211 3708 μιλτοπάρῃος,
1225 3650 1272 3690 ete.
1292 3635 1365 3687 llstn.

266 3739 269 3744 ·
319 3713 520 3770 instimulat».
873 3747 915 3760 -
929 3718 1033 3786 Asopos.
1041 3707 1156 3781 Ᾰιοπος,
1168 3713 1240 3788 qnod
1254 3715 1365 3770 lsborsm

362 3813 408 3848 ss.
426 3795 539 3846 ustus
548 3793 624 3862 jubis.
643 3793 704 3846 Plio
721 3811 738 3846 e
757 3793 831 3863 jubis
874 3797 916 3848 ebs
942 3796 1033 3860 κόπον,
1049 3809 1076 3850 et
1097 3795 1276 3850 lassitudinem
1294 3793 1364 3846 teins

318 3875 437 3927 leonum.
451 3873 497 3927 Sic
510 3871 590 3944 psulo
603 3872 690 3939 infre,
702 3872 832 3943 sspilsten
876 3875 1004 3929 ereditur.
1018 3875 1111 3929 Eun.

319 3954 357 4005 nit
377 3952 471 4006 cssseli
492 3951 554 4023 pilis
576 3951 701 4023 splenicis
731 3952 832 4023 sllipnsi
920 3944 1364 4028 25.Atatasertm.sp0ttontnipud

319 4043 454 4103 oportere.
470 4030 562 4084 uiso.
877 4033 1026 4099 Gnleoum,
1038 4033 1086 4088 lib.
1099 4035 1126 4088 V
1138 4034 1205 4088 seris
1219 4029 1364 4093 rs'swtstl'·
