<?xml version="1.0" encoding="UTF-8"?>
<!DOCTYPE html PUBLIC "-//W3C//DTD XHTML 1.0 Transitional//EN"
    "http://www.w3.org/TR/xhtml1/DTD/xhtml1-transitional.dtd">
<html xmlns="http://www.w3.org/1999/xhtml" xml:lang="en" lang="en">
 <head>
  <title>
</title>
<meta http-equiv="Content-Type" content="text/html;charset=utf-8" />
  <meta name='ocr-system' content='tesseract 3.04.00' />
  <meta name='ocr-capabilities' content='ocr_page ocr_carea ocr_par ocr_line ocrx_word'/>
</head>
<body>
  <div class='ocr_page' id='page_1' title='image "./caiipliniisecun01plingoog_0631.png"; bbox 0 0 2950 5000; ppageno 0'>
   <div class='ocr_carea' id='block_1_1' title="bbox 311 376 1350 606">
    <p class='ocr_par' dir='ltr' id='par_1_1' title="bbox 311 376 1350 606">
     <span class='ocr_line' id='line_1_1' title="bbox 311 376 1109 451; baseline 0 -4"><span class='ocrx_word' id='word_1_1' title='bbox 311 376 383 449; x_wconf 78' lang='lat'><strong>616</strong></span> <span class='ocrx_word' id='word_1_2' title='bbox 587 383 628 451; x_wconf 90' lang='lat' dir='ltr'><strong>C.</strong></span> <span class='ocrx_word' id='word_1_3' title='bbox 653 383 817 451; x_wconf 84' lang='lat' dir='ltr'><strong>PLINll</strong></span> <span class='ocrx_word' id='word_1_4' title='bbox 840 383 950 451; x_wconf 85' lang='lat' dir='ltr'><strong>NAT.</strong></span> <span class='ocrx_word' id='word_1_5' title='bbox 978 382 1109 449; x_wconf 90' lang='lat' dir='ltr'><strong>HlST.</strong></span> 
     </span>
     <span class='ocr_line' id='line_1_2' title="bbox 312 496 1350 606; baseline -0.007 -26"><span class='ocrx_word' id='word_1_6' title='bbox 312 510 439 606; x_wconf 86' lang='lat' dir='ltr'><strong>ragdis¹</strong></span> <span class='ocrx_word' id='word_1_7' title='bbox 461 526 572 583; x_wconf 86' lang='lat' dir='ltr'><strong>tamen</strong></span> <span class='ocrx_word' id='word_1_8' title='bbox 588 514 753 584; x_wconf 80' lang='lat' dir='ltr'><strong>cedentes.</strong></span> <span class='ocrx_word' id='word_1_9' title='bbox 766 496 877 583; x_wconf 81' lang='lat' dir='ltr'><strong>Iiidia³</strong></span> <span class='ocrx_word' id='word_1_10' title='bbox 897 512 966 583; x_wconf 88' lang='lat' dir='ltr'><strong>sola</strong></span> <span class='ocrx_word' id='word_1_11' title='bbox 986 526 1020 581; x_wconf 87' lang='lat' dir='ltr'><strong>et</strong></span> <span class='ocrx_word' id='word_1_12' title='bbox 1041 512 1161 581; x_wconf 88' lang='lat' dir='ltr'><strong>horum</strong></span> <span class='ocrx_word' id='word_1_13' title='bbox 1181 523 1233 577; x_wconf 86' lang='lat' dir='ltr'><strong>est</strong></span> <span class='ocrx_word' id='word_1_14' title='bbox 1247 522 1350 577; x_wconf 87' lang='lat' dir='ltr'><strong>mater:</strong></span> 
     </span>
    </p>
   </div>
   <div class='ocr_carea' id='block_1_2' title="bbox 279 602 1360 1773">
    <p class='ocr_par' dir='ltr' id='par_1_2' title="bbox 279 602 1360 1773">
     <span class='ocr_line' id='line_1_3' title="bbox 311 602 1352 714; baseline -0.005 -29"><span class='ocrx_word' id='word_1_15' title='bbox 311 632 410 711; x_wconf 88' lang='lat' dir='ltr'><strong>atque</strong></span> <span class='ocrx_word' id='word_1_16' title='bbox 435 620 469 687; x_wconf 89' lang='lat' dir='ltr'><strong>in</strong></span> <span class='ocrx_word' id='word_1_17' title='bbox 491 621 802 713; x_wconf 85' lang='lat' dir='ltr'><strong>pretiosissimarum</strong></span> <span class='ocrx_word' id='word_1_18' title='bbox 822 642 1028 714; x_wconf 81' lang='lat' dir='ltr'><strong>gemmarum</strong></span> <span class='ocrx_word' id='word_1_19' title='bbox 1045 602 1168 711; x_wconf 78' lang='lat' dir='ltr'><strong>gloria⁴</strong></span> <span class='ocrx_word' id='word_1_20' title='bbox 1184 615 1352 709; x_wconf 81' lang='lat' dir='ltr'><strong>compositi,</strong></span> 
     </span>
     <span class='ocr_line' id='line_1_4' title="bbox 289 710 1351 795; baseline -0.005 -4"><span class='ocrx_word' id='word_1_21' title='bbox 289 725 452 792; x_wconf 84' lang='lat' dir='ltr'><strong>¹manime</strong></span> <span class='ocrx_word' id='word_1_22' title='bbox 473 724 724 795; x_wconf 77' lang='lat' dir='ltr'>inenarrabilem</span> <span class='ocrx_word' id='word_1_23' title='bbox 744 710 993 795; x_wconf 84' lang='lat' dir='ltr'><strong>difficultatem⁵</strong></span> <span class='ocrx_word' id='word_1_24' title='bbox 1013 722 1185 792; x_wconf 90' lang='lat' dir='ltr'><strong>dederunt.</strong></span> <span class='ocrx_word' id='word_1_25' title='bbox 1212 723 1268 789; x_wconf 87' lang='lat' dir='ltr'><strong>Est</strong></span> <span class='ocrx_word' id='word_1_26' title='bbox 1280 721 1351 787; x_wconf 89' lang='lat' dir='ltr'><strong>enim</strong></span> 
     </span>
     <span class='ocr_line' id='line_1_5' title="bbox 310 816 1353 936; baseline -0.006 -39"><span class='ocrx_word' id='word_1_27' title='bbox 310 830 345 897; x_wconf 93' lang='lat' dir='ltr'><strong>in</strong></span> <span class='ocrx_word' id='word_1_28' title='bbox 363 830 401 898; x_wconf 91' lang='lat' dir='ltr'><strong>iis</strong></span> <span class='ocrx_word' id='word_1_29' title='bbox 415 829 608 900; x_wconf 79' lang='lat' dir='ltr'>carbunculi</span> <span class='ocrx_word' id='word_1_30' title='bbox 624 833 758 901; x_wconf 83' lang='lat' dir='ltr'><strong>tenuior</strong></span> <span class='ocrx_word' id='word_1_31' title='bbox 770 832 856 925; x_wconf 81' lang='lat' dir='ltr'><strong>ignis</strong></span> <span class='ocrx_word' id='word_1_32' title='bbox 864 816 890 917; x_wconf 81' lang='lat'><strong>⁶,</strong></span> <span class='ocrx_word' id='word_1_33' title='bbox 902 846 952 901; x_wconf 93' lang='lat' dir='ltr'><strong>est</strong></span> <span class='ocrx_word' id='word_1_34' title='bbox 967 829 1143 936; x_wconf 69' lang='lat' dir='ltr'><strong>amethysti</strong></span> <span class='ocrx_word' id='word_1_35' title='bbox 1155 826 1276 921; x_wconf 78' lang='lat' dir='ltr'><strong>fulgens</strong></span> <span class='ocrx_word' id='word_1_36' title='bbox 1290 848 1353 919; x_wconf 91' lang='lat' dir='ltr'><strong>pur·</strong></span> 
     </span>
     <span class='ocr_line' id='line_1_6' title="bbox 312 933 1355 1031; baseline -0.006 -28"><span class='ocrx_word' id='word_1_37' title='bbox 312 958 413 1028; x_wconf 90' lang='lat' dir='ltr'><strong>pura,</strong></span> <span class='ocrx_word' id='word_1_38' title='bbox 435 950 486 1005; x_wconf 89' lang='lat' dir='ltr'><strong>est</strong></span> <span class='ocrx_word' id='word_1_39' title='bbox 506 937 672 1031; x_wconf 80' lang='lat' dir='ltr'><strong>smaragdi</strong></span> <span class='ocrx_word' id='word_1_40' title='bbox 692 940 802 1007; x_wconf 86' lang='lat' dir='ltr'><strong>virens</strong></span> <span class='ocrx_word' id='word_1_41' title='bbox 816 936 941 1022; x_wconf 86' lang='lat' dir='ltr'><strong>mare⁷,</strong></span> <span class='ocrx_word' id='word_1_42' title='bbox 956 949 990 1004; x_wconf 87' lang='lat' dir='ltr'><strong>et</strong></span> <span class='ocrx_word' id='word_1_43' title='bbox 1003 948 1124 1003; x_wconf 87' lang='lat' dir='ltr'><strong>cuncta</strong></span> <span class='ocrx_word' id='word_1_44' title='bbox 1140 936 1260 1029; x_wconf 89' lang='lat' dir='ltr'><strong>pariter</strong></span> <span class='ocrx_word' id='word_1_45' title='bbox 1272 933 1355 998; x_wconf 83' lang='lat' dir='ltr'><strong>incre</strong></span> 
     </span>
     <span class='ocr_line' id='line_1_7' title="bbox 311 1020 1355 1137; baseline -0.006 -28"><span class='ocrx_word' id='word_1_46' title='bbox 311 1039 403 1110; x_wconf 91' lang='lat' dir='ltr'><strong>dibili</strong></span> <span class='ocrx_word' id='word_1_47' title='bbox 424 1043 569 1110; x_wconf 87' lang='lat' dir='ltr'><strong>mixtura</strong></span> <span class='ocrx_word' id='word_1_48' title='bbox 595 1040 749 1112; x_wconf 87' lang='lat' dir='ltr'><strong>lucentia.</strong></span> <span class='ocrx_word' id='word_1_49' title='bbox 774 1042 837 1111; x_wconf 86' lang='lat' dir='ltr'><strong>Alii</strong></span> <span class='ocrx_word' id='word_1_50' title='bbox 857 1066 987 1125; x_wconf 83' lang='lat' dir='ltr'><strong>summo</strong></span> <span class='ocrx_word' id='word_1_51' title='bbox 1007 1040 1145 1137; x_wconf 79' lang='lat' dir='ltr'><strong>fulgoris</strong></span> <span class='ocrx_word' id='word_1_52' title='bbox 1165 1020 1355 1132; x_wconf 80' lang='lat' dir='ltr'><strong>augmento⁸,</strong></span> 
     </span>
     <span class='ocr_line' id='line_1_8' title="bbox 311 1143 1357 1243; baseline -0.006 -28"><span class='ocrx_word' id='word_1_53' title='bbox 311 1145 440 1215; x_wconf 90' lang='lat' dir='ltr'><strong>colores</strong></span> <span class='ocrx_word' id='word_1_54' title='bbox 460 1148 705 1242; x_wconf 84' lang='lat' dir='ltr'><strong>pigmentorum</strong></span> <span class='ocrx_word' id='word_1_55' title='bbox 727 1172 925 1243; x_wconf 74' lang='lat' dir='ltr'><strong>aequavere:</strong></span> <span class='ocrx_word' id='word_1_56' title='bbox 944 1148 1001 1216; x_wconf 91' lang='lat' dir='ltr'><strong>alii</strong></span> <span class='ocrx_word' id='word_1_57' title='bbox 1022 1146 1192 1239; x_wconf 84' lang='lat' dir='ltr'><strong>sulphuris</strong></span> <span class='ocrx_word' id='word_1_58' title='bbox 1209 1143 1357 1211; x_wconf 77' lang='lat' dir='ltr'><strong>ardentem</strong></span> 
     </span>
     <span class='ocr_line' id='line_1_9' title="bbox 312 1250 1359 1349; baseline -0.006 -29"><span class='ocrx_word' id='word_1_59' title='bbox 312 1252 498 1340; x_wconf 82' lang='lat' dir='ltr'><strong>flammam,</strong></span> <span class='ocrx_word' id='word_1_60' title='bbox 512 1268 570 1322; x_wconf 88' lang='lat' dir='ltr'><strong>aut</strong></span> <span class='ocrx_word' id='word_1_61' title='bbox 588 1256 687 1323; x_wconf 92' lang='lat' dir='ltr'><strong>etiam</strong></span> <span class='ocrx_word' id='word_1_62' title='bbox 701 1255 785 1349; x_wconf 79' lang='lat' dir='ltr'><strong>ignis</strong></span> <span class='ocrx_word' id='word_1_63' title='bbox 799 1254 873 1349; x_wconf 87' lang='lat' dir='ltr'><strong>oleo</strong></span> <span class='ocrx_word' id='word_1_64' title='bbox 888 1256 1028 1325; x_wconf 82' lang='lat' dir='ltr'><strong>accensi.</strong></span> <span class='ocrx_word' id='word_1_65' title='bbox 1048 1250 1245 1345; x_wconf 79' lang='lat' dir='ltr'><strong>Magnitudo</strong></span> <span class='ocrx_word' id='word_1_66' title='bbox 1257 1270 1359 1316; x_wconf 87' lang='lat' dir='ltr'><strong>nucem</strong></span> 
     </span>
     <span class='ocr_line' id='line_1_10' title="bbox 279 1352 1359 1455; baseline -0.006 -30"><span class='ocrx_word' id='word_1_67' title='bbox 279 1356 497 1427; x_wconf 87' lang='lat' dir='ltr'><strong>²avellanam</strong></span> <span class='ocrx_word' id='word_1_68' title='bbox 524 1375 652 1453; x_wconf 72' lang='lat' dir='ltr'><strong>aequat,</strong></span> <span class='ocrx_word' id='word_1_69' title='bbox 678 1363 800 1455; x_wconf 83' lang='lat' dir='ltr'><strong>insigni</strong></span> <span class='ocrx_word' id='word_1_70' title='bbox 824 1360 913 1455; x_wconf 87' lang='lat' dir='ltr'><strong>apud</strong></span> <span class='ocrx_word' id='word_1_71' title='bbox 938 1383 998 1427; x_wconf 89' lang='lat' dir='ltr'><strong>nos</strong></span> <span class='ocrx_word' id='word_1_72' title='bbox 1030 1359 1182 1427; x_wconf 89' lang='lat' dir='ltr'><strong>historia.</strong></span> <span class='ocrx_word' id='word_1_73' title='bbox 1212 1352 1359 1448; x_wconf 81' lang='lat' dir='ltr'><strong>Siquidem</strong></span> 
     </span>
     <span class='ocr_line' id='line_1_11' title="bbox 313 1456 1360 1561; baseline -0.007 -30"><span class='ocrx_word' id='word_1_74' title='bbox 313 1478 421 1533; x_wconf 88' lang='lat' dir='ltr'><strong>exstat</strong></span> <span class='ocrx_word' id='word_1_75' title='bbox 439 1463 610 1559; x_wconf 90' lang='lat' dir='ltr'><strong>hodieque·</strong></span> <span class='ocrx_word' id='word_1_76' title='bbox 628 1466 728 1560; x_wconf 83' lang='lat' dir='ltr'><strong>hujus</strong></span> <span class='ocrx_word' id='word_1_77' title='bbox 745 1469 873 1561; x_wconf 81' lang='lat' dir='ltr'><strong>generis</strong></span> <span class='ocrx_word' id='word_1_78' title='bbox 894 1490 1044 1561; x_wconf 82' lang='lat' dir='ltr'><strong>gemma,</strong></span> <span class='ocrx_word' id='word_1_79' title='bbox 1064 1478 1203 1557; x_wconf 92' lang='lat' dir='ltr'><strong>propter</strong></span> <span class='ocrx_word' id='word_1_80' title='bbox 1220 1484 1311 1555; x_wconf 90' lang='lat' dir='ltr'><strong>quam</strong></span> <span class='ocrx_word' id='word_1_81' title='bbox 1328 1456 1360 1525; x_wconf 91' lang='lat' dir='ltr'><strong>ab</strong></span> 
     </span>
     <span class='ocr_line' id='line_1_12' title="bbox 313 1567 1360 1665; baseline -0.007 -28"><span class='ocrx_word' id='word_1_82' title='bbox 313 1568 479 1638; x_wconf 82' lang='lat' dir='ltr'><strong>Antonio⁹</strong></span> <span class='ocrx_word' id='word_1_83' title='bbox 504 1574 710 1665; x_wconf 86' lang='lat' dir='ltr'><strong>proscriptus</strong></span> <span class='ocrx_word' id='word_1_84' title='bbox 729 1573 859 1641; x_wconf 85' lang='lat' dir='ltr'><strong>Nonius</strong></span> <span class='ocrx_word' id='word_1_85' title='bbox 885 1585 1018 1640; x_wconf 88' lang='lat' dir='ltr'><strong>senator</strong></span> <span class='ocrx_word' id='word_1_86' title='bbox 1039 1582 1107 1653; x_wconf 88' lang='lat' dir='ltr'><strong>est,</strong></span> <span class='ocrx_word' id='word_1_87' title='bbox 1132 1567 1219 1636; x_wconf 88' lang='lat' dir='ltr'><strong>lilius</strong></span> <span class='ocrx_word' id='word_1_88' title='bbox 1240 1569 1360 1635; x_wconf 80' lang='lat' dir='ltr'><strong>Struma</strong></span> 
     </span>
     <span class='ocr_line' id='line_1_13' title="bbox 312 1671 1359 1773; baseline -0.01 -27"><span class='ocrx_word' id='word_1_89' title='bbox 312 1676 413 1746; x_wconf 90' lang='lat' dir='ltr'><strong>Nonii</strong></span> <span class='ocrx_word' id='word_1_90' title='bbox 424 1675 512 1769; x_wconf 88' lang='lat' dir='ltr'><strong>ejus,</strong></span> <span class='ocrx_word' id='word_1_91' title='bbox 530 1700 630 1771; x_wconf 88' lang='lat' dir='ltr'><strong>quern</strong></span> <span class='ocrx_word' id='word_1_92' title='bbox 644 1678 687 1766; x_wconf 89' lang='lat' dir='ltr'><strong>Q.</strong></span> <span class='ocrx_word' id='word_1_93' title='bbox 698 1677 849 1747; x_wconf 86' lang='lat' dir='ltr'><strong>Catullus</strong></span> <span class='ocrx_word' id='word_1_94' title='bbox 865 1674 996 1773; x_wconf 85' lang='lat' dir='ltr'><strong>poeta&#39;⁰</strong></span> <span class='ocrx_word' id='word_1_95' title='bbox 1006 1676 1038 1743; x_wconf 94' lang='lat' dir='ltr'><strong>in</strong></span> <span class='ocrx_word' id='word_1_96' title='bbox 1054 1673 1133 1745; x_wconf 86' lang='lat' dir='ltr'><strong>sella</strong></span> <span class='ocrx_word' id='word_1_97' title='bbox 1145 1671 1261 1743; x_wconf 87' lang='lat' dir='ltr'><strong>curulli</strong></span> <span class='ocrx_word' id='word_1_98' title='bbox 1274 1673 1359 1738; x_wconf 76' lang='lat' dir='ltr'><strong>vnum</strong></span> 
     </span>
    </p>
   </div>
   <div class='ocr_carea' id='block_1_3' title="bbox 252 1854 1364 4076">
    <p class='ocr_par' dir='ltr' id='par_1_3' title="bbox 252 1854 1364 2727">
     <span class='ocr_line' id='line_1_14' title="bbox 252 1854 1361 1932; baseline -0.009 -16"><span class='ocrx_word' id='word_1_99' title='bbox 252 1878 255 1884; x_wconf 84' lang='grc'><em>“</em></span> <span class='ocrx_word' id='word_1_100' title='bbox 313 1862 431 1915; x_wconf 70' lang='lat' dir='ltr'><strong>Simas.</strong></span> <span class='ocrx_word' id='word_1_101' title='bbox 444 1860 635 1914; x_wconf 83' lang='lat' dir='ltr'><strong>-Plurimum</strong></span> <span class='ocrx_word' id='word_1_102' title='bbox 649 1862 681 1913; x_wconf 82' lang='lat' dir='ltr'><strong>ad</strong></span> <span class='ocrx_word' id='word_1_103' title='bbox 701 1866 738 1915; x_wconf 80' lang='lat' dir='ltr'><strong>iis.</strong></span> <span class='ocrx_word' id='word_1_104' title='bbox 753 1862 828 1915; x_wconf 87' lang='lat' dir='ltr'><strong>Libri</strong></span> <span class='ocrx_word' id='word_1_105' title='bbox 870 1859 1086 1932; x_wconf 83' lang='lat' dir='ltr'><strong>pretiosissimam</strong></span> <span class='ocrx_word' id='word_1_106' title='bbox 1097 1858 1209 1931; x_wconf 67' lang='lat' dir='ltr'><strong>gloriam</strong></span> <span class='ocrx_word' id='word_1_107' title='bbox 1222 1854 1361 1926; x_wconf 89' lang='lat' dir='ltr'><strong>oomposito·</strong></span> 
     </span>
     <span class='ocr_line' id='line_1_15' title="bbox 313 1937 1362 2009; baseline -0.008 -16"><span class='ocrx_word' id='word_1_108' title='bbox 313 1942 441 1993; x_wconf 87' lang='lat' dir='ltr'><strong>haetenus</strong></span> <span class='ocrx_word' id='word_1_109' title='bbox 450 1938 531 2005; x_wconf 90' lang='lat' dir='ltr'><strong>editi,</strong></span> <span class='ocrx_word' id='word_1_110' title='bbox 543 1967 555 1989; x_wconf 79' lang='grc' dir='ltr'>ι</span> <span class='ocrx_word' id='word_1_111' title='bbox 566 1941 710 1994; x_wconf 80' lang='lat' dir='ltr'><strong>Minimum</strong></span> <span class='ocrx_word' id='word_1_112' title='bbox 719 1982 728 2006; x_wconf 94' lang='lat'><strong>,</strong></span> <span class='ocrx_word' id='word_1_113' title='bbox 737 1942 829 1994; x_wconf 88' lang='lat' dir='ltr'><strong>iidem·</strong></span> <span class='ocrx_word' id='word_1_114' title='bbox 871 1959 913 1993; x_wconf 89' lang='lat' dir='ltr'><strong>res</strong></span> <span class='ocrx_word' id='word_1_115' title='bbox 925 1958 1089 2009; x_wconf 77' lang='lat' dir='ltr'><strong>gemmarum</strong></span> <span class='ocrx_word' id='word_1_116' title='bbox 1099 1978 1107 2001; x_wconf 88' lang='lat'><strong>,</strong></span> <span class='ocrx_word' id='word_1_117' title='bbox 1117 1951 1145 1992; x_wconf 92' lang='lat' dir='ltr'><strong>et</strong></span> <span class='ocrx_word' id='word_1_118' title='bbox 1159 1938 1269 1991; x_wconf 84' lang='lat' dir='ltr'><strong>maxime</strong></span> <span class='ocrx_word' id='word_1_119' title='bbox 1277 1937 1362 1987; x_wconf 87' lang='lat' dir='ltr'><strong>inenar-</strong></span> 
     </span>
     <span class='ocr_line' id='line_1_16' title="bbox 314 2014 1359 2092; baseline -0.007 -19"><span class='ocrx_word' id='word_1_120' title='bbox 314 2038 367 2092; x_wconf 86' lang='lat' dir='ltr'><strong>que</strong></span> <span class='ocrx_word' id='word_1_121' title='bbox 381 2020 528 2091; x_wconf 91' lang='lat' dir='ltr'><strong>plurimum</strong></span> <span class='ocrx_word' id='word_1_122' title='bbox 550 2021 583 2073; x_wconf 89' lang='lat' dir='ltr'><strong>ab</strong></span> <span class='ocrx_word' id='word_1_123' title='bbox 605 2022 645 2074; x_wconf 88' lang='lat' dir='ltr'><strong>iis.</strong></span> <span class='ocrx_word' id='word_1_124' title='bbox 660 2048 671 2067; x_wconf 88' lang='lat'><strong>·</strong></span> <span class='ocrx_word' id='word_1_125' title='bbox 691 2022 728 2075; x_wconf 77' lang='lat' dir='ltr'><strong>At</strong></span> <span class='ocrx_word' id='word_1_126' title='bbox 751 2040 828 2074; x_wconf 85' lang='lat' dir='ltr'><strong>voces</strong></span> <span class='ocrx_word' id='word_1_127' title='bbox 871 2020 982 2072; x_wconf 83' lang='lat' dir='ltr'><strong>rabilem</strong></span> <span class='ocrx_word' id='word_1_128' title='bbox 1004 2016 1188 2071; x_wconf 81' lang='lat' dir='ltr'><strong>difficultatem</strong></span> <span class='ocrx_word' id='word_1_129' title='bbox 1211 2014 1359 2069; x_wconf 81' lang='lat' dir='ltr'><strong>dederant·</strong></span> 
     </span>
     <span class='ocr_line' id='line_1_17' title="bbox 313 2094 1361 2171; baseline -0.01 -19"><span class='ocrx_word' id='word_1_130' title='bbox 313 2098 379 2152; x_wconf 92' lang='lat' dir='ltr'><strong>duas</strong></span> <span class='ocrx_word' id='word_1_131' title='bbox 393 2099 509 2169; x_wconf 80' lang='lat' dir='ltr'><strong>priores,</strong></span> <span class='ocrx_word' id='word_1_132' title='bbox 529 2118 595 2170; x_wconf 71' lang='lat' dir='ltr'><strong>quar</strong></span> <span class='ocrx_word' id='word_1_133' title='bbox 604 2113 675 2153; x_wconf 89' lang='lat' dir='ltr'><strong>certe</strong></span> <span class='ocrx_word' id='word_1_134' title='bbox 689 2113 750 2154; x_wconf 88' lang='lat' dir='ltr'><strong>suot</strong></span> <span class='ocrx_word' id='word_1_135' title='bbox 766 2118 828 2171; x_wconf 89' lang='lat' dir='ltr'><strong>spu·</strong></span> <span class='ocrx_word' id='word_1_136' title='bbox 914 2099 940 2153; x_wconf 83' lang='lat'><strong>5.</strong></span> <span class='ocrx_word' id='word_1_137' title='bbox 981 2098 1170 2150; x_wconf 80' lang='lat' dir='ltr'><strong>laeuarrabilem</strong></span> <span class='ocrx_word' id='word_1_138' title='bbox 1208 2094 1361 2163; x_wconf 77' lang='lat' dir='ltr'><strong>difficultatem.</strong></span> 
     </span>
     <span class='ocr_line' id='line_1_18' title="bbox 313 2172 1362 2251; baseline -0.005 -21"><span class='ocrx_word' id='word_1_139' title='bbox 313 2178 376 2241; x_wconf 75' lang='lat' dir='ltr'><strong>rim,</strong></span> <span class='ocrx_word' id='word_1_140' title='bbox 387 2178 478 2231; x_wconf 87' lang='lat' dir='ltr'><strong>nullus</strong></span> <span class='ocrx_word' id='word_1_141' title='bbox 485 2177 569 2232; x_wconf 83' lang='lat' dir='ltr'><strong>codex</strong></span> <span class='ocrx_word' id='word_1_142' title='bbox 581 2179 658 2233; x_wconf 79' lang='lat' dir='ltr'><strong>MSS.</strong></span> <span class='ocrx_word' id='word_1_143' title='bbox 673 2199 704 2231; x_wconf 84' lang='lat' dir='ltr'><strong>ex</strong></span> <span class='ocrx_word' id='word_1_144' title='bbox 716 2181 749 2232; x_wconf 91' lang='lat' dir='ltr'><strong>iis</strong></span> <span class='ocrx_word' id='word_1_145' title='bbox 763 2198 830 2251; x_wconf 85' lang='lat' dir='ltr'><strong>quos</strong></span> <span class='ocrx_word' id='word_1_146' title='bbox 873 2177 953 2249; x_wconf 87' lang='lat' dir='ltr'><strong>Opali</strong></span> <span class='ocrx_word' id='word_1_147' title='bbox 975 2189 1079 2230; x_wconf 87' lang='lat' dir='ltr'><strong>certant</strong></span> <span class='ocrx_word' id='word_1_148' title='bbox 1100 2177 1185 2247; x_wconf 73' lang='lat' dir='ltr'><strong>gloria</strong></span> <span class='ocrx_word' id='word_1_149' title='bbox 1204 2194 1262 2228; x_wconf 90' lang='lat' dir='ltr'><strong>cum</strong></span> <span class='ocrx_word' id='word_1_150' title='bbox 1283 2172 1362 2245; x_wconf 86' lang='lat' dir='ltr'><strong>pretio·</strong></span> 
     </span>
     <span class='ocr_line' id='line_1_19' title="bbox 314 2256 1363 2328; baseline -0.01 -17"><span class='ocrx_word' id='word_1_151' title='bbox 314 2259 434 2321; x_wconf 88' lang='lat' dir='ltr'><strong>terimus,</strong></span> <span class='ocrx_word' id='word_1_152' title='bbox 443 2270 620 2328; x_wconf 70' lang='lat' dir='ltr'><strong>representat.</strong></span> <span class='ocrx_word' id='word_1_153' title='bbox 637 2259 695 2311; x_wconf 84' lang='lat' dir='ltr'><strong>Nee</strong></span> <span class='ocrx_word' id='word_1_154' title='bbox 703 2260 724 2311; x_wconf 87' lang='lat' dir='ltr'>F</span> <span class='ocrx_word' id='word_1_155' title='bbox 726 2259 830 2313; x_wconf 78' lang='lat' dir='ltr'><strong>usensis</strong></span> <span class='ocrx_word' id='word_1_156' title='bbox 872 2257 978 2311; x_wconf 86' lang='lat' dir='ltr'><strong>sissimis</strong></span> <span class='ocrx_word' id='word_1_157' title='bbox 992 2257 1119 2327; x_wconf 73' lang='lat' dir='ltr'><strong>gemmis3</strong></span> <span class='ocrx_word' id='word_1_158' title='bbox 1134 2267 1160 2308; x_wconf 89' lang='lat' dir='ltr'><strong>et</strong></span> <span class='ocrx_word' id='word_1_159' title='bbox 1171 2256 1193 2309; x_wconf 87' lang='lat' dir='ltr'><strong>si</strong></span> <span class='ocrx_word' id='word_1_160' title='bbox 1203 2258 1363 2309; x_wconf 78' lang='lat' dir='ltr'><strong>interserens·</strong></span> 
     </span>
     <span class='ocr_line' id='line_1_20' title="bbox 316 2328 1363 2409; baseline -0.01 -18"><span class='ocrx_word' id='word_1_161' title='bbox 316 2338 390 2391; x_wconf 88' lang='lat' dir='ltr'><strong>item.</strong></span> <span class='ocrx_word' id='word_1_162' title='bbox 402 2336 492 2390; x_wconf 79' lang='lat' dir='ltr'><strong>Haeo.</strong></span> <span class='ocrx_word' id='word_1_163' title='bbox 506 2366 546 2377; x_wconf 90' lang='lat'><em>-</em></span> <span class='ocrx_word' id='word_1_164' title='bbox 562 2338 647 2407; x_wconf 75' lang='lat' dir='ltr'><strong>opat.</strong></span> <span class='ocrx_word' id='word_1_165' title='bbox 662 2338 773 2409; x_wconf 85' lang='lat' dir='ltr'><strong>Opsius,</strong></span> <span class='ocrx_word' id='word_1_166' title='bbox 785 2356 831 2391; x_wconf 92' lang='lat' dir='ltr'><strong>no-</strong></span> <span class='ocrx_word' id='word_1_167' title='bbox 873 2349 1011 2407; x_wconf 89' lang='lat' dir='ltr'><strong>parentur,</strong></span> <span class='ocrx_word' id='word_1_168' title='bbox 1023 2335 1206 2389; x_wconf 76' lang='lat' dir='ltr'><strong>inenarrabilis</strong></span> <span class='ocrx_word' id='word_1_169' title='bbox 1219 2346 1256 2386; x_wconf 87' lang='lat' dir='ltr'><strong>est</strong></span> <span class='ocrx_word' id='word_1_170' title='bbox 1269 2328 1363 2384; x_wconf 70' lang='lat' dir='ltr'><strong>difficit</strong></span> 
     </span>
     <span class='ocr_line' id='line_1_21' title="bbox 316 2412 1363 2489; baseline -0.005 -21"><span class='ocrx_word' id='word_1_171' title='bbox 316 2416 358 2468; x_wconf 90' lang='lat' dir='ltr'><strong>bis</strong></span> <span class='ocrx_word' id='word_1_172' title='bbox 368 2416 518 2469; x_wconf 84' lang='lat' dir='ltr'><strong>etiamnunc</strong></span> <span class='ocrx_word' id='word_1_173' title='bbox 528 2414 633 2479; x_wconf 88' lang='lat' dir='ltr'><strong>dictus,</strong></span> <span class='ocrx_word' id='word_1_174' title='bbox 648 2418 718 2489; x_wconf 78' lang='lat' dir='ltr'><strong>apale</strong></span> <span class='ocrx_word' id='word_1_175' title='bbox 732 2418 830 2481; x_wconf 84' lang='lat' dir='ltr'><strong>(irise&#39;e,</strong></span> <span class='ocrx_word' id='word_1_176' title='bbox 874 2430 912 2469; x_wconf 87' lang='lat' dir='ltr'><strong>tas</strong></span> <span class='ocrx_word' id='word_1_177' title='bbox 925 2434 958 2468; x_wconf 90' lang='lat' dir='ltr'><strong>an</strong></span> <span class='ocrx_word' id='word_1_178' title='bbox 974 2417 1067 2487; x_wconf 89' lang='lat' dir='ltr'><strong>opalus</strong></span> <span class='ocrx_word' id='word_1_179' title='bbox 1082 2426 1188 2467; x_wconf 75' lang='lat' dir='ltr'><strong>caeteras</strong></span> <span class='ocrx_word' id='word_1_180' title='bbox 1199 2430 1306 2483; x_wconf 73' lang='lat' dir='ltr'><strong>gemmas</strong></span> <span class='ocrx_word' id='word_1_181' title='bbox 1316 2412 1363 2463; x_wconf 84' lang='lat' dir='ltr'><strong>rin·</strong></span> 
     </span>
     <span class='ocr_line' id='line_1_22' title="bbox 317 2490 1362 2570; baseline -0.009 -21"><span class='ocrx_word' id='word_1_182' title='bbox 317 2496 470 2568; x_wconf 73' lang='lat' dir='ltr'><strong>defluum,</strong></span> <span class='ocrx_word' id='word_1_183' title='bbox 483 2496 620 2570; x_wconf 86' lang='lat' dir='ltr'><strong>arlequiae,·</strong></span> <span class='ocrx_word' id='word_1_184' title='bbox 631 2499 701 2568; x_wconf 80' lang='lat' dir='ltr'><strong>opole</strong></span> <span class='ocrx_word' id='word_1_185' title='bbox 714 2499 744 2550; x_wconf 80' lang='lat' dir='ltr'><strong>de</strong></span> <span class='ocrx_word' id='word_1_186' title='bbox 753 2499 831 2568; x_wconf 68' lang='lat' dir='ltr'><strong>fiad,-</strong></span> <span class='ocrx_word' id='word_1_187' title='bbox 874 2509 932 2561; x_wconf 90' lang='lat' dir='ltr'><strong>cat,</strong></span> <span class='ocrx_word' id='word_1_188' title='bbox 952 2513 1065 2568; x_wconf 88' lang='lat' dir='ltr'><strong>quarum</strong></span> <span class='ocrx_word' id='word_1_189' title='bbox 1080 2492 1278 2547; x_wconf 89' lang='lat' dir='ltr'><strong>similitudinem</strong></span> <span class='ocrx_word' id='word_1_190' title='bbox 1292 2490 1362 2544; x_wconf 84' lang='lat' dir='ltr'><strong>reiert.</strong></span> 
     </span>
     <span class='ocr_line' id='line_1_23' title="bbox 317 2577 959 2648; baseline -0.002 -20"><span class='ocrx_word' id='word_1_191' title='bbox 317 2594 421 2648; x_wconf 65' lang='lat' dir='ltr'><strong>pernam</strong></span> <span class='ocrx_word' id='word_1_192' title='bbox 441 2578 548 2647; x_wconf 63' lang='lat' dir='ltr'><strong>raritate</strong></span> <span class='ocrx_word' id='word_1_193' title='bbox 567 2589 593 2628; x_wconf 92' lang='lat' dir='ltr'><strong>et</strong></span> <span class='ocrx_word' id='word_1_194' title='bbox 608 2579 730 2631; x_wconf 85' lang='lat' dir='ltr'><strong>colorum</strong></span> <span class='ocrx_word' id='word_1_195' title='bbox 748 2579 831 2632; x_wconf 85' lang='lat' dir='ltr'><strong>varie·</strong></span> <span class='ocrx_word' id='word_1_196' title='bbox 874 2577 959 2629; x_wconf 78' lang='lat' dir='ltr'><strong>Baor.</strong></span> 
     </span>
     <span class='ocr_line' id='line_1_24' title="bbox 317 2653 1364 2727; baseline -0.011 -16"><span class='ocrx_word' id='word_1_197' title='bbox 317 2668 370 2711; x_wconf 87' lang='lat' dir='ltr'><strong>tate</strong></span> <span class='ocrx_word' id='word_1_198' title='bbox 382 2657 603 2727; x_wconf 67' lang='lat' dir='ltr'><strong>prestantissima.</strong></span> <span class='ocrx_word' id='word_1_199' title='bbox 614 2659 667 2710; x_wconf 83' lang='lat' dir='ltr'><strong>En.</strong></span> <span class='ocrx_word' id='word_1_200' title='bbox 915 2659 943 2710; x_wconf 83' lang='lat'><strong>6.</strong></span> <span class='ocrx_word' id='word_1_201' title='bbox 960 2653 1108 2707; x_wconf 82' lang='lat' dir='ltr'><strong>Corbuacub&#39;</strong></span> <span class='ocrx_word' id='word_1_202' title='bbox 1124 2657 1218 2706; x_wconf 81' lang='lat' dir='ltr'><strong>tenuior</strong></span> <span class='ocrx_word' id='word_1_203' title='bbox 1239 2654 1309 2720; x_wconf 64' lang='grc' dir='ltr'><strong>ι’ςιιὺ,</strong></span> <span class='ocrx_word' id='word_1_204' title='bbox 1324 2661 1364 2700; x_wconf 86' lang='lat' dir='ltr'><strong>etr.</strong></span> 
     </span>
    </p>

    <p class='ocr_par' dir='ltr' id='par_1_4' title="bbox 320 2728 1364 2888">
     <span class='ocr_line' id='line_1_25' title="bbox 360 2728 1364 2804; baseline -0.009 -16"><span class='ocrx_word' id='word_1_205' title='bbox 360 2755 386 2788; x_wconf 86' lang='lat' dir='ltr'><strong>a.</strong></span> <span class='ocrx_word' id='word_1_206' title='bbox 404 2735 496 2802; x_wconf 76' lang='lat' dir='ltr'><strong>opali,</strong></span> <span class='ocrx_word' id='word_1_207' title='bbox 511 2737 661 2804; x_wconf 74' lang='lat' dir='ltr'><strong>smaragdis,</strong></span> <span class='ocrx_word' id='word_1_208' title='bbox 675 2750 725 2790; x_wconf 89' lang='lat' dir='ltr'><strong>etc.</strong></span> <span class='ocrx_word' id='word_1_209' title='bbox 746 2735 831 2790; x_wconf 88' lang='lat' dir='ltr'><strong>lsido·</strong></span> <span class='ocrx_word' id='word_1_210' title='bbox 874 2733 936 2788; x_wconf 74' lang='lat' dir='ltr'><strong>Haec</strong></span> <span class='ocrx_word' id='word_1_211' title='bbox 949 2731 1060 2787; x_wconf 87' lang='lat' dir='ltr'><strong>totidem</strong></span> <span class='ocrx_word' id='word_1_212' title='bbox 1081 2733 1169 2785; x_wconf 83' lang='lat' dir='ltr'><strong>verbis</strong></span> <span class='ocrx_word' id='word_1_213' title='bbox 1187 2728 1308 2791; x_wconf 81' lang='lat' dir='ltr'><strong>isidorus,</strong></span> <span class='ocrx_word' id='word_1_214' title='bbox 1323 2728 1364 2778; x_wconf 83' lang='lat' dir='ltr'><strong>lot.</strong></span> 
     </span>
     <span class='ocr_line' id='line_1_26' title="bbox 320 2811 1156 2888; baseline -0.007 -19"><span class='ocrx_word' id='word_1_215' title='bbox 320 2835 377 2880; x_wconf 87' lang='lat' dir='ltr'><strong>rus,</strong></span> <span class='ocrx_word' id='word_1_216' title='bbox 392 2813 467 2885; x_wconf 78' lang='lat' dir='ltr'><strong>Orig.</strong></span> <span class='ocrx_word' id='word_1_217' title='bbox 483 2814 530 2868; x_wconf 92' lang='lat' dir='ltr'><strong>lib.</strong></span> <span class='ocrx_word' id='word_1_218' title='bbox 543 2816 627 2878; x_wconf 78' lang='lat' dir='ltr'><strong>XVI,</strong></span> <span class='ocrx_word' id='word_1_219' title='bbox 641 2836 701 2888; x_wconf 88' lang='lat' dir='ltr'><strong>cap.</strong></span> <span class='ocrx_word' id='word_1_220' title='bbox 717 2836 764 2870; x_wconf 83' lang='lat' dir='ltr'><strong>ss.</strong></span> <span class='ocrx_word' id='word_1_221' title='bbox 776 2817 810 2870; x_wconf 87' lang='lat' dir='ltr'><strong>H.</strong></span> <span class='ocrx_word' id='word_1_222' title='bbox 873 2815 994 2886; x_wconf 83' lang='lat' dir='ltr'><strong>proxime</strong></span> <span class='ocrx_word' id='word_1_223' title='bbox 1005 2814 1049 2866; x_wconf 89' lang='lat' dir='ltr'><strong>cit.</strong></span> <span class='ocrx_word' id='word_1_224' title='bbox 1063 2811 1156 2864; x_wconf 81' lang='lat' dir='ltr'><strong>Huao.</strong></span> 
     </span>
    </p>

    <p class='ocr_par' dir='ltr' id='par_1_5' title="bbox 362 2883 1363 2964">
     <span class='ocr_line' id='line_1_27' title="bbox 362 2883 1363 2964; baseline -0.015 -15"><span class='ocrx_word' id='word_1_225' title='bbox 362 2897 390 2949; x_wconf 85' lang='lat'><strong>3.</strong></span> <span class='ocrx_word' id='word_1_226' title='bbox 406 2893 486 2947; x_wconf 80' lang='lat' dir='ltr'><strong>ludis.</strong></span> <span class='ocrx_word' id='word_1_227' title='bbox 499 2892 634 2960; x_wconf 84' lang='lat' dir='ltr'><strong>Isidorus,</strong></span> <span class='ocrx_word' id='word_1_228' title='bbox 650 2895 702 2948; x_wconf 90' lang='lat' dir='ltr'><strong>loe.</strong></span> <span class='ocrx_word' id='word_1_229' title='bbox 717 2896 762 2949; x_wconf 85' lang='lat' dir='ltr'><strong>cit.</strong></span> <span class='ocrx_word' id='word_1_230' title='bbox 777 2897 811 2948; x_wconf 89' lang='grc' dir='ltr'><strong>Η.</strong></span> <span class='ocrx_word' id='word_1_231' title='bbox 916 2913 943 2964; x_wconf 87' lang='lat'><strong>7.</strong></span> <span class='ocrx_word' id='word_1_232' title='bbox 960 2891 1092 2962; x_wconf 69' lang='lat' dir='ltr'><strong>Smer-agdi</strong></span> <span class='ocrx_word' id='word_1_233' title='bbox 1105 2895 1188 2942; x_wconf 78' lang='lat' dir='ltr'><strong>vireas</strong></span> <span class='ocrx_word' id='word_1_234' title='bbox 1199 2909 1269 2941; x_wconf 81' lang='lat' dir='ltr'><strong>mare.</strong></span> <span class='ocrx_word' id='word_1_235' title='bbox 1286 2883 1363 2938; x_wconf 85' lang='lat' dir='ltr'><strong>isidor.</strong></span> 
     </span>
    </p>

    <p class='ocr_par' dir='ltr' id='par_1_6' title="bbox 318 2969 1364 4076">
     <span class='ocr_line' id='line_1_28' title="bbox 363 2969 1267 3044; baseline -0.006 -19"><span class='ocrx_word' id='word_1_236' title='bbox 363 2979 389 3037; x_wconf 71' lang='grc'><strong>4.</strong></span> <span class='ocrx_word' id='word_1_237' title='bbox 405 2974 434 3025; x_wconf 86' lang='lat' dir='ltr'><strong>la</strong></span> <span class='ocrx_word' id='word_1_238' title='bbox 444 2976 668 3042; x_wconf 79' lang='lat' dir='ltr'><strong>pretiosissimarum</strong></span> <span class='ocrx_word' id='word_1_239' title='bbox 685 2995 832 3044; x_wconf 73' lang='lat' dir='ltr'><strong>gemmarum</strong></span> <span class='ocrx_word' id='word_1_240' title='bbox 879 2974 993 3026; x_wconf 70' lang='lat' dir='ltr'><strong>enitens</strong></span> <span class='ocrx_word' id='word_1_241' title='bbox 1007 2970 1136 3024; x_wconf 83' lang='lat' dir='ltr'><strong>viriditas.</strong></span> <span class='ocrx_word' id='word_1_242' title='bbox 1148 2996 1160 3017; x_wconf 86' lang='grc' dir='ltr'><strong>ι</strong></span> <span class='ocrx_word' id='word_1_243' title='bbox 1180 2969 1267 3022; x_wconf 75' lang='lat' dir='ltr'><strong>lisso.</strong></span> 
     </span>
     <span class='ocr_line' id='line_1_29' title="bbox 318 3047 1364 3124; baseline -0.011 -19"><span class='ocrx_word' id='word_1_244' title='bbox 318 3054 401 3123; x_wconf 69' lang='lat' dir='ltr'><strong>glorio</strong></span> <span class='ocrx_word' id='word_1_245' title='bbox 413 3057 543 3122; x_wconf 83' lang='lat' dir='ltr'><strong>compositi.</strong></span> <span class='ocrx_word' id='word_1_246' title='bbox 558 3053 664 3106; x_wconf 88' lang='lat' dir='ltr'><strong>Etcum</strong></span> <span class='ocrx_word' id='word_1_247' title='bbox 679 3053 835 3124; x_wconf 88' lang='lat' dir='ltr'><strong>pretiosissi-</strong></span> <span class='ocrx_word' id='word_1_248' title='bbox 917 3052 1102 3120; x_wconf 78' lang='lat' dir='ltr'><strong>8.&#39;Augmento.</strong></span> <span class='ocrx_word' id='word_1_249' title='bbox 1118 3049 1205 3102; x_wconf 84' lang='lat' dir='ltr'><strong>Gmn.</strong></span> <span class='ocrx_word' id='word_1_250' title='bbox 1222 3060 1248 3099; x_wconf 86' lang='lat' dir='ltr'><strong>et</strong></span> <span class='ocrx_word' id='word_1_251' title='bbox 1265 3047 1301 3098; x_wconf 78' lang='lat' dir='ltr'><strong>Al.</strong></span> <span class='ocrx_word' id='word_1_252' title='bbox 1316 3053 1364 3094; x_wconf 84' lang='lat' dir='ltr'><strong>sote</strong></span> 
     </span>
     <span class='ocr_line' id='line_1_30' title="bbox 321 3129 1185 3202; baseline -0.003 -18"><span class='ocrx_word' id='word_1_253' title='bbox 321 3133 371 3186; x_wconf 84' lang='lat' dir='ltr'><strong>mis</strong></span> <span class='ocrx_word' id='word_1_254' title='bbox 397 3131 508 3201; x_wconf 80' lang='lat' dir='ltr'><strong>gemmis</strong></span> <span class='ocrx_word' id='word_1_255' title='bbox 528 3133 691 3202; x_wconf 83' lang='lat' dir='ltr'><strong>comparati,</strong></span> <span class='ocrx_word' id='word_1_256' title='bbox 717 3133 833 3186; x_wconf 83' lang='lat' dir='ltr'><strong>maxime</strong></span> <span class='ocrx_word' id='word_1_257' title='bbox 876 3129 1185 3199; x_wconf 71' lang='lat' dir='ltr'><strong>Hardorgumeutossn.</strong></span> 
     </span>
     <span class='ocr_line' id='line_1_31' title="bbox 320 3202 1363 3279; baseline -0.011 -16"><span class='ocrx_word' id='word_1_258' title='bbox 320 3211 525 3264; x_wconf 82' lang='lat' dir='ltr'><strong>inenarrabilem</strong></span> <span class='ocrx_word' id='word_1_259' title='bbox 536 3209 832 3270; x_wconf 86' lang='lat' dir='ltr'><strong>dederedillicultatem‚</strong></span> <span class='ocrx_word' id='word_1_260' title='bbox 917 3229 944 3279; x_wconf 84' lang='lat'><strong>9.</strong></span> <span class='ocrx_word' id='word_1_261' title='bbox 970 3209 1012 3262; x_wconf 78' lang='lat' dir='ltr'><strong>Ab</strong></span> <span class='ocrx_word' id='word_1_262' title='bbox 1038 3212 1155 3262; x_wconf 79' lang='lat' dir='ltr'><strong>Antonio.</strong></span> <span class='ocrx_word' id='word_1_263' title='bbox 1182 3202 1363 3263; x_wconf 79' lang='lat' dir='ltr'><strong>Triumviro‚s</strong></span> 
     </span>
     <span class='ocr_line' id='line_1_32' title="bbox 321 3283 1349 3362; baseline -0.007 -20"><span class='ocrx_word' id='word_1_264' title='bbox 321 3309 388 3343; x_wconf 90' lang='lat' dir='ltr'><strong>num</strong></span> <span class='ocrx_word' id='word_1_265' title='bbox 407 3291 517 3360; x_wconf 81' lang='lat' dir='ltr'><strong>gemmis</strong></span> <span class='ocrx_word' id='word_1_266' title='bbox 531 3290 602 3354; x_wconf 85' lang='lat' dir='ltr'><strong>ullis,</strong></span> <span class='ocrx_word' id='word_1_267' title='bbox 616 3311 727 3362; x_wconf 89' lang='lat' dir='ltr'><strong>quarum</strong></span> <span class='ocrx_word' id='word_1_268' title='bbox 740 3291 833 3344; x_wconf 91' lang='lat' dir='ltr'><strong>simili·</strong></span> <span class='ocrx_word' id='word_1_269' title='bbox 876 3309 931 3362; x_wconf 91' lang='lat' dir='ltr'><strong>quo</strong></span> <span class='ocrx_word' id='word_1_270' title='bbox 945 3303 971 3343; x_wconf 89' lang='lat' dir='ltr'><strong>et</strong></span> <span class='ocrx_word' id='word_1_271' title='bbox 982 3289 1148 3360; x_wconf 88' lang='lat' dir='ltr'><strong>proscriptus</strong></span> <span class='ocrx_word' id='word_1_272' title='bbox 1161 3286 1263 3340; x_wconf 85' lang='lat' dir='ltr'><strong>Cicero.</strong></span> <span class='ocrx_word' id='word_1_273' title='bbox 1273 3283 1349 3335; x_wconf 73' lang='lat' dir='ltr'><strong>Hirr·</strong></span> 
     </span>
     <span class='ocr_line' id='line_1_33' title="bbox 321 3361 1364 3440; baseline -0.009 -17"><span class='ocrx_word' id='word_1_274' title='bbox 321 3368 442 3423; x_wconf 85' lang='lat' dir='ltr'><strong>tudinem</strong></span> <span class='ocrx_word' id='word_1_275' title='bbox 454 3371 590 3434; x_wconf 86' lang='lat' dir='ltr'><strong>referunt,</strong></span> <span class='ocrx_word' id='word_1_276' title='bbox 604 3372 722 3440; x_wconf 89' lang='lat' dir='ltr'><strong>potiores</strong></span> <span class='ocrx_word' id='word_1_277' title='bbox 732 3390 777 3424; x_wconf 88' lang='lat' dir='ltr'><strong>eos</strong></span> <span class='ocrx_word' id='word_1_278' title='bbox 789 3371 834 3424; x_wconf 89' lang='lat' dir='ltr'><strong>ha·</strong></span> <span class='ocrx_word' id='word_1_279' title='bbox 922 3387 963 3422; x_wconf 89' lang='lat'><strong>10.</strong></span> <span class='ocrx_word' id='word_1_280' title='bbox 983 3369 1060 3438; x_wconf 82' lang='lat' dir='ltr'><strong>Quem</strong></span> <span class='ocrx_word' id='word_1_281' title='bbox 1074 3367 1187 3420; x_wconf 72' lang='lat' dir='ltr'><strong>Caerellia</strong></span> <span class='ocrx_word' id='word_1_282' title='bbox 1193 3378 1274 3436; x_wconf 74' lang='lat' dir='ltr'><strong>poeta.</strong></span> <span class='ocrx_word' id='word_1_283' title='bbox 1287 3361 1364 3410; x_wconf 66' lang='lat' dir='ltr'><strong>vemt</strong></span> 
     </span>
     <span class='ocr_line' id='line_1_34' title="bbox 321 3433 1364 3520; baseline -0.013 -19"><span class='ocrx_word' id='word_1_284' title='bbox 321 3449 379 3501; x_wconf 84' lang='lat' dir='ltr'><strong>beri</strong></span> <span class='ocrx_word' id='word_1_285' title='bbox 400 3461 543 3518; x_wconf 85' lang='lat' dir='ltr'><strong>oporteret.</strong></span> <span class='ocrx_word' id='word_1_286' title='bbox 565 3449 608 3503; x_wconf 86' lang='lat' dir='ltr'><strong>Sic</strong></span> <span class='ocrx_word' id='word_1_287' title='bbox 624 3449 736 3508; x_wconf 89' lang='lat' dir='ltr'><strong>totidem</strong></span> <span class='ocrx_word' id='word_1_288' title='bbox 754 3450 834 3520; x_wconf 85' lang='lat' dir='ltr'><strong>apici·</strong></span> <span class='ocrx_word' id='word_1_289' title='bbox 877 3449 973 3504; x_wconf 87' lang='lat' dir='ltr'><strong>Catulli</strong></span> <span class='ocrx_word' id='word_1_290' title='bbox 1015 3460 1077 3500; x_wconf 89' lang='lat' dir='ltr'><strong>sunt</strong></span> <span class='ocrx_word' id='word_1_291' title='bbox 1118 3447 1225 3498; x_wconf 85' lang='lat' dir='ltr'><strong>iambici</strong></span> <span class='ocrx_word' id='word_1_292' title='bbox 1259 3433 1364 3498; x_wconf 76' lang='lat' dir='ltr'><strong>trimetri3</strong></span> 
     </span>
     <span class='ocr_line' id='line_1_35' title="bbox 320 3515 1363 3599; baseline -0.005 -19"><span class='ocrx_word' id='word_1_293' title='bbox 320 3528 372 3580; x_wconf 87' lang='lat' dir='ltr'><strong>bus</strong></span> <span class='ocrx_word' id='word_1_294' title='bbox 389 3527 549 3599; x_wconf 79' lang='lat' dir='ltr'><strong>syllabisque</strong></span> <span class='ocrx_word' id='word_1_295' title='bbox 561 3527 665 3582; x_wconf 88' lang='lat' dir='ltr'><strong>codices</strong></span> <span class='ocrx_word' id='word_1_296' title='bbox 681 3530 757 3582; x_wconf 88' lang='lat' dir='ltr'><strong>lllSS.</strong></span> <span class='ocrx_word' id='word_1_297' title='bbox 774 3549 832 3582; x_wconf 91' lang='lat' dir='ltr'><strong>om·</strong></span> <span class='ocrx_word' id='word_1_298' title='bbox 876 3548 957 3584; x_wconf 85' lang='lat' dir='ltr'><strong>carm.</strong></span> <span class='ocrx_word' id='word_1_299' title='bbox 980 3544 1058 3580; x_wconf 78' lang='lat' dir='ltr'><strong>arri:</strong></span> <span class='ocrx_word' id='word_1_300' title='bbox 1083 3524 1170 3590; x_wconf 87' lang='lat' dir='ltr'><strong>·Quid</strong></span> <span class='ocrx_word' id='word_1_301' title='bbox 1198 3536 1252 3586; x_wconf 87' lang='lat' dir='ltr'><strong>est,</strong></span> <span class='ocrx_word' id='word_1_302' title='bbox 1270 3515 1363 3574; x_wconf 73' lang='lat' dir='ltr'><strong>Catulle·</strong></span> 
     </span>
     <span class='ocr_line' id='line_1_36' title="bbox 320 3599 1363 3681; baseline -0.013 -22"><span class='ocrx_word' id='word_1_303' title='bbox 320 3624 378 3671; x_wconf 89' lang='lat' dir='ltr'><strong>nes,</strong></span> <span class='ocrx_word' id='word_1_304' title='bbox 394 3609 458 3678; x_wconf 71' lang='lat' dir='ltr'><strong>lleg.</strong></span> <span class='ocrx_word' id='word_1_305' title='bbox 481 3626 507 3672; x_wconf 86' lang='lat' dir='ltr'><strong>a,</strong></span> <span class='ocrx_word' id='word_1_306' title='bbox 523 3608 640 3661; x_wconf 85' lang='lat' dir='ltr'><strong>Colbert.</strong></span> <span class='ocrx_word' id='word_1_307' title='bbox 660 3609 693 3673; x_wconf 88' lang='grc'><strong>3,</strong></span> <span class='ocrx_word' id='word_1_308' title='bbox 711 3609 830 3680; x_wconf 75' lang='lat' dir='ltr'><strong>aliiquee</strong></span> <span class='ocrx_word' id='word_1_309' title='bbox 877 3607 950 3681; x_wconf 87' lang='lat' dir='ltr'><strong>qnod</strong></span> <span class='ocrx_word' id='word_1_310' title='bbox 968 3605 1080 3659; x_wconf 88' lang='lat' dir='ltr'><strong>moraris</strong></span> <span class='ocrx_word' id='word_1_311' title='bbox 1100 3603 1206 3656; x_wconf 83' lang='lat' dir='ltr'><strong>emori?</strong></span> <span class='ocrx_word' id='word_1_312' title='bbox 1219 3602 1282 3655; x_wconf 84' lang='lat' dir='ltr'><strong>Sella</strong></span> <span class='ocrx_word' id='word_1_313' title='bbox 1294 3599 1317 3650; x_wconf 89' lang='lat' dir='ltr'><strong>io</strong></span> <span class='ocrx_word' id='word_1_314' title='bbox 1328 3612 1363 3646; x_wconf 88' lang='lat' dir='ltr'><strong>cu·</strong></span> 
     </span>
     <span class='ocr_line' id='line_1_37' title="bbox 320 3675 1363 3758; baseline -0.005 -20"><span class='ocrx_word' id='word_1_315' title='bbox 320 3704 408 3758; x_wconf 86' lang='lat' dir='ltr'><strong>neque</strong></span> <span class='ocrx_word' id='word_1_316' title='bbox 426 3686 567 3758; x_wconf 82' lang='lat' dir='ltr'><strong>quicquam</strong></span> <span class='ocrx_word' id='word_1_317' title='bbox 597 3699 636 3740; x_wconf 89' lang='lat' dir='ltr'><strong>est</strong></span> <span class='ocrx_word' id='word_1_318' title='bbox 659 3707 690 3740; x_wconf 87' lang='lat' dir='ltr'><strong>ea</strong></span> <span class='ocrx_word' id='word_1_319' title='bbox 713 3689 835 3741; x_wconf 87' lang='lat' dir='ltr'><strong>oratione</strong></span> <span class='ocrx_word' id='word_1_320' title='bbox 877 3689 930 3742; x_wconf 92' lang='lat' dir='ltr'><strong>ruli</strong></span> <span class='ocrx_word' id='word_1_321' title='bbox 951 3687 1058 3740; x_wconf 88' lang='lat' dir='ltr'><strong>Struma</strong></span> <span class='ocrx_word' id='word_1_322' title='bbox 1080 3683 1184 3738; x_wconf 87' lang='lat' dir='ltr'><strong>Nonius</strong></span> <span class='ocrx_word' id='word_1_323' title='bbox 1202 3675 1363 3735; x_wconf 63' lang='lat' dir='ltr'><strong>redu-tor·</strong></span> 
     </span>
     <span class='ocr_line' id='line_1_38' title="bbox 320 3755 1363 3835; baseline -0.011 -18"><span class='ocrx_word' id='word_1_324' title='bbox 320 3765 443 3835; x_wconf 87' lang='lat' dir='ltr'><strong>planius:</strong></span> <span class='ocrx_word' id='word_1_325' title='bbox 459 3765 527 3818; x_wconf 89' lang='lat' dir='ltr'><strong>nibil</strong></span> <span class='ocrx_word' id='word_1_326' title='bbox 545 3779 634 3819; x_wconf 88' lang='lat' dir='ltr'><strong>tamen</strong></span> <span class='ocrx_word' id='word_1_327' title='bbox 648 3767 800 3830; x_wconf 88' lang='lat' dir='ltr'><strong>obscurius,</strong></span> <span class='ocrx_word' id='word_1_328' title='bbox 814 3767 834 3818; x_wconf 90' lang='lat' dir='ltr'><strong>si</strong></span> <span class='ocrx_word' id='word_1_329' title='bbox 878 3769 949 3823; x_wconf 83' lang='lat' dir='ltr'><strong>thius</strong></span> <span class='ocrx_word' id='word_1_330' title='bbox 966 3779 1080 3818; x_wconf 80' lang='lat' dir='ltr'><strong>strumam</strong></span> <span class='ocrx_word' id='word_1_331' title='bbox 1095 3764 1190 3815; x_wconf 80' lang='lat' dir='ltr'><strong>vitium</strong></span> <span class='ocrx_word' id='word_1_332' title='bbox 1203 3781 1256 3814; x_wconf 79' lang='lat' dir='ltr'><strong>esse</strong></span> <span class='ocrx_word' id='word_1_333' title='bbox 1269 3755 1328 3816; x_wconf 85' lang='lat' dir='ltr'><strong>rult,</strong></span> <span class='ocrx_word' id='word_1_334' title='bbox 1340 3767 1363 3800; x_wconf 72' lang='lat' dir='ltr'><strong>tt</strong></span> 
     </span>
     <span class='ocr_line' id='line_1_39' title="bbox 320 3829 1362 3919; baseline -0.004 -25"><span class='ocrx_word' id='word_1_335' title='bbox 320 3843 403 3898; x_wconf 86' lang='lat' dir='ltr'><strong>libros</strong></span> <span class='ocrx_word' id='word_1_336' title='bbox 422 3846 548 3898; x_wconf 85' lang='lat' dir='ltr'><strong>haetenus</strong></span> <span class='ocrx_word' id='word_1_337' title='bbox 568 3847 689 3917; x_wconf 76' lang='lat' dir='ltr'><strong>vulgatos</strong></span> <span class='ocrx_word' id='word_1_338' title='bbox 710 3865 834 3918; x_wconf 82' lang='lat' dir='ltr'><strong>sequare,</strong></span> <span class='ocrx_word' id='word_1_339' title='bbox 878 3867 926 3919; x_wconf 91' lang='lat' dir='ltr'><strong>per</strong></span> <span class='ocrx_word' id='word_1_340' title='bbox 942 3845 1139 3898; x_wconf 88' lang='lat' dir='ltr'><strong>translationem</strong></span> <span class='ocrx_word' id='word_1_341' title='bbox 1153 3841 1277 3913; x_wconf 86' lang='lat' dir='ltr'><strong>probrum</strong></span> <span class='ocrx_word' id='word_1_342' title='bbox 1289 3847 1312 3886; x_wconf 80' lang='lat' dir='ltr'><strong>et</strong></span> <span class='ocrx_word' id='word_1_343' title='bbox 1327 3829 1362 3880; x_wconf 56' lang='lat' dir='ltr'><strong>(lt</strong></span> 
     </span>
     <span class='ocr_line' id='line_1_40' title="bbox 320 3919 1361 3996; baseline -0.007 -20"><span class='ocrx_word' id='word_1_344' title='bbox 320 3925 464 3994; x_wconf 84' lang='lat' dir='ltr'><strong>quilocum</strong></span> <span class='ocrx_word' id='word_1_345' title='bbox 476 3925 595 3990; x_wconf 71' lang='lat' dir='ltr'><strong>bonosio</strong></span> <span class='ocrx_word' id='word_1_346' title='bbox 606 3938 761 3978; x_wconf 91' lang='lat' dir='ltr'><strong>temeratum</strong></span> <span class='ocrx_word' id='word_1_347' title='bbox 773 3945 833 3996; x_wconf 91' lang='lat' dir='ltr'><strong>pro·</strong></span> <span class='ocrx_word' id='word_1_348' title='bbox 878 3925 959 3980; x_wconf 87' lang='lat' dir='ltr'><strong>decus</strong></span> <span class='ocrx_word' id='word_1_349' title='bbox 981 3923 1112 3994; x_wconf 78' lang='lat' dir='ltr'><strong>intelligit.</strong></span> <span class='ocrx_word' id='word_1_350' title='bbox 1122 3923 1194 3991; x_wconf 79' lang='lat' dir='ltr'><strong>&#39;Ejus</strong></span> <span class='ocrx_word' id='word_1_351' title='bbox 1215 3919 1285 3971; x_wconf 81' lang='lat' dir='ltr'><strong>rerba</strong></span> <span class='ocrx_word' id='word_1_352' title='bbox 1300 3919 1361 3964; x_wconf 64' lang='lat' dir='ltr'><strong>aunt:</strong></span> 
     </span>
     <span class='ocr_line' id='line_1_41' title="bbox 320 3991 1362 4076; baseline -0.011 -19"><span class='ocrx_word' id='word_1_353' title='bbox 320 4003 422 4076; x_wconf 70' lang='lat' dir='ltr'><strong>digiose</strong></span> <span class='ocrx_word' id='word_1_354' title='bbox 435 4004 571 4059; x_wconf 79' lang='lat' dir='ltr'><strong>referunt:</strong></span> <span class='ocrx_word' id='word_1_355' title='bbox 591 4030 602 4052; x_wconf 80' lang='grc' dir='ltr'>ι</span> <span class='ocrx_word' id='word_1_356' title='bbox 616 4006 706 4076; x_wconf 79' lang='lat' dir='ltr'><strong>Atque</strong></span> <span class='ocrx_word' id='word_1_357' title='bbox 722 4003 783 4058; x_wconf 93' lang='lat' dir='ltr'><strong>ideo</strong></span> <span class='ocrx_word' id='word_1_358' title='bbox 794 4005 832 4059; x_wconf 91' lang='lat' dir='ltr'><strong>eis</strong></span> <span class='ocrx_word' id='word_1_359' title='bbox 880 4033 892 4056; x_wconf 82' lang='grc' dir='ltr'>ι</span> <span class='ocrx_word' id='word_1_360' title='bbox 906 4003 985 4058; x_wconf 88' lang='lat' dir='ltr'><strong>Unde</strong></span> <span class='ocrx_word' id='word_1_361' title='bbox 1000 4003 1121 4058; x_wconf 84' lang='lat' dir='ltr'><strong>Catullus</strong></span> <span class='ocrx_word' id='word_1_362' title='bbox 1138 4002 1200 4054; x_wconf 90' lang='lat' dir='ltr'><strong>licet</strong></span> <span class='ocrx_word' id='word_1_363' title='bbox 1215 4001 1240 4052; x_wconf 89' lang='lat' dir='ltr'><strong>in</strong></span> <span class='ocrx_word' id='word_1_364' title='bbox 1251 3991 1324 4049; x_wconf 85' lang='lat' dir='ltr'><strong>curuli</strong></span> <span class='ocrx_word' id='word_1_365' title='bbox 1333 4003 1362 4038; x_wconf 55' lang='grc' dir='ltr'><strong>ἒ·</strong></span> 
     </span>
    </p>
   </div>
   <div class='ocr_carea' id='block_1_4' title="bbox 0 0 1492 5000">
    <p class='ocr_par' dir='ltr' id='par_1_7' title="bbox 0 0 1492 5000">
     <span class='ocr_line' id='line_1_42' title="bbox 0 0 1492 5000; baseline 0 0"><span class='ocrx_word' id='word_1_366' title='bbox 0 0 1492 5000; x_wconf 95' lang='lat' dir='ltr'><strong> </strong></span> 
     </span>
    </p>
   </div>
  </div>
 </body>
</html>
