2950 5000
341 483 415 574 aas
603 489 645 561 c.
670 467 849 565 rotun
873 493 981 564 uxr.
1006 487 1142 562 ursa.

340 621 480 693 lustrato
489 606 526 694 ¹⁸.
554 622 664 718 liujus
682 625 873 698 inferiorem
893 640 1022 722 partem
1043 637 1235 720 corruptam
1250 619 1300 718 qui
1320 619 1385 690 aett-

340 743 450 813 reret,
472 753 542 798 non
562 732 673 825 potuit
690 735 838 828 reperiri.
866 735 993 803 Verum
1022 734 1094 827 ipsa
1116 731 1234 825 injurio
1257 731 1342 798 cessit
1359 729 1387 794 iu

342 834 483 932 gloriam
505 836 655 907 artificis.
676 841 862 909 Consenuit
885 839 958 910 haec
980 837 1093 910 tabula
1115 841 1225 910 carie:
1247 835 1390 927 aliamque

341 967 405 1038 pro
430 967 469 1012 ea
493 944 587 1012 Nero
613 944 802 1041 principatu
822 947 993 1016 substituit
1018 970 1095 1031 suo,
1116 944 1276 1012 Dorothei
1292 965 1387 1011 manu.

290 1078 324 1132 ²9
345 1047 476 1145 Apelles
501 1049 717 1120 inchoaverat
744 1051 839 1124 aliam
859 1055 1026 1123 Venerem
1045 1048 1172 1136 .Cois'⁹,
1200 1063 1391 1145 superaturus

336 1158 442 1259 'ctiam
455 1179 550 1226 suam
570 1155 662 1225 illam
675 1159 831 1254 priorem.
856 1159 980 1228 Invidit
1000 1143 1125 1228 mors³⁰
1143 1170 1276 1253 peracta
1291 1169 1391 1250 parte:

342 1287 405 1332 nec
426 1264 484 1357 qui
506 1263 699 1334 succederet
720 1268 813 1361 operi
841 1266 884 1335 ad
914 1266 1108 1362 praescripta
1141 1263 1333 1352 lineamenta
1355 1261 1392 1326 in·

342 1383 462 1439 ventus
484 1383 543 1439 est.
566 1371 674 1439 Pinxit
695 1384 729 1439 et
750 1369 975 1442 Alexandrum
993 1355 1203 1465 Magnum³¹,
1224 1367 1340 1438 fulmen
1357 1379 1393 1432 te

342 1477 535 1560 nentem,in
546 1475 674 1572 templo
686 1478 839 1572 Ephesiis
856 1477 1118 1574 Dianae‚viginti
1131 1460 1295 1545 talentis³¹.
1307 1471 1396 1566 Digiti

342 1683 417 1756 quod
430 1684 544 1751 interiit,
558 1686 645 1740 Pallas
654 1685 746 1759 iniqua
759 1687 822 1744 luit.
838 1714 850 1737 ι
898 1687 995 1762 reliqui
1008 1687 1132 1759 corporis
1147 1684 1273 1739 imitandi
1284 1701 1397 1756 quman-

342 1763 469 1819 Leonido
478 1765 595 1837 denique
607 1766 761 1820 Tarentini:
777 1793 790 1817 ι
800 1765 856 1822 Ad·
899 1769 1008 1824 ferebat.
1021 1794 1032 1816 ι
1048 1767 1082 1821 Et
1094 1765 1191 1821 remit.
1204 1767 1236 1831 I,
1248 1785 1288 1837 ep.
1302 1783 1336 1835 9:
1348 1787 1359 1809 ι
1367 1761 1398 1816 Ut

342 1844 396 1897 buc
414 1845 521 1916 abipso
535 1846 628 1900 matris
641 1847 772 1900 orientem
786 1849 856 1913 sinu,
898 1849 1006 1922 Apelles
1021 1847 1135 1901 Veneris
1157 1859 1256 1916 caput,
1273 1858 1297 1898 et
1313 1859 1399 1896 summa

343 1922 440 1977 Adhuc
451 1937 613 1996 strepentem
627 1945 738 1996 spumeo
750 1927 856 2000 Cypria
900 1929 1022 2002 pectoris
1038 1926 1197 2000 politissima
1217 1938 1274 1980 arte
1292 1921 1399 1997 perierit,

342 2004 415 2071 solo,
426 2003 530 2058 Vident
538 2005 794 2076 Apellee,inclytum
805 2007 858 2061 lor
899 2009 1030 2081 reliquam
1050 2018 1154 2080 partem
1176 2007 1297 2075 corporis
1310 2001 1399 2056 incbos·

343 2100 393 2136 mss
415 2082 512 2148 decus,
533 2084 596 2136 Non
620 2086 757 2140 scutulatus
778 2101 855 2142 arte:
900 2101 954 2142 tarn
977 2086 1084 2160 reliquit
1098 2103 1106 2138 :
1119 2085 1157 2140 sic
1171 2083 1281 2156 quidam
1295 2081 1402 2137 homines

344 2161 392 2216 sed
407 2164 498 2219 risum
513 2162 595 2217 dedit.
611 2163 733 2218 Videsne
749 2167 860 2220 summis
901 2170 928 2223 in
955 2168 1042 2240 capite
1059 2183 1120 2220 uteo
1143 2165 1203 2218 solo
1228 2164 1400 2222 elaborarunt,

343 2243 623 2315 manibusutstringet
636 2263 754 2311 comam,
764 2245 858 2300 Miset-
901 2261 952 2302 etc.
965 2273 977 2295 ι
995 2245 1088 2298 lisam

343 2339 396 2392 que
413 2323 488 2395 puris
503 2323 640 2395 fulgurans
659 2325 744 2378 oculis
764 2344 857 2390 amor,
942 2327 990 2381 31.
1018 2325 1103 2378 Pinxit
1124 2335 1150 2376 et
1167 2322 1333 2376 Anemur-
1354 2318 1401 2372 tta·

343 2400 450 2456 Matura
467 2401 539 2475 tangi
560 2415 685 2473 turgeant
702 2417 732 2458 ut
750 2403 858 2480 ubera?
898 2427 983 2479 gnum.
999 2407 1040 2460 Dc
1054 2405 1106 2459 hac
1125 2403 1232 2475 pictura
1247 2400 1332 2457 dicere
1352 2397 1402 2452 soli·

344 2481 424 2536 Nunc
439 2483 496 2555 ipss
513 2479 585 2537 dicat
603 2483 689 2537 Pelles
709 2497 736 2538 et
760 2487 858 2559 conjux
900 2500 958 2543 tuna
971 2487 1061 2543 lerunt
1071 2483 1211 2556 Apellem,
1226 2480 1295 2537 duos
1306 2481 1402 2535 Alexan·

343 2562 418 2616 loris
432 2565 544 2617 :Actum
559 2575 616 2632 est,
628 2582 679 2616 nec
689 2564 768 2631 ultra,
778 2564 857 2638 Jupi·
900 2566 965 2623 droa
977 2586 1031 2621 csse
1047 2585 1054 2619 :
1070 2566 1184 2619 alterurn
1198 2563 1318 2636 Philippi
1332 2562 1402 2615 utu-

343 2653 393 2708 ter,
406 2643 602 2697 contendimus.
611 2668 623 2690 ι
638 2643 677 2695 Ex
690 2644 790 2717 quibua
801 2663 859 2699 car·
901 2668 942 2701 css
953 2684 960 2707 ‚
973 2646 1076 2719 Apellis
1087 2645 1200 2699 alterurn
1213 2644 1345 2715 ἀμίμητον.
1356 2640 1404 2692 Pla·

344 2722 475 2789 minibus,
489 2737 535 2777 sut
549 2734 620 2776 certe
635 2721 709 2776 haud
727 2724 857 2778 absimili·
901 2726 986 2781 tarch.
1005 2726 1054 2780 Or.
1078 2745 1111 2787 a,
1132 2721 1167 2776 dc
1193 2724 1268 2777 Fort.
1291 2714 1403 2776 stennd

343 2798 410 2865 bus,
424 2802 527 2855 Plinius
544 2802 643 2855 victum
659 2800 764 2873 Apellis
774 2823 858 2877 opus,
900 2825 961 2879 pag.
977 2806 1043 2860 ³3⁵.
1057 2804 1149 2857 llsao.

343 2878 389 2934 ted
403 2882 563 2935 illustratum
571 2878 649 2935 dicit.
660 2880 750 2935 liano.
944 2888 990 2942 32.
1005 2886 1102 2955 Viginti
1111 2882 1216 2935 talentis.
1228 2882 1263 2935 ln
1275 2880 1348 2935 libris
1358 2874 1404 2931 etli-

386 2960 429 3017 28.
439 2962 531 3026 Victo,
544 2960 729 3015 sedillustmto.
745 2962 785 3016 Ita
798 2962 859 3035 qui·
902 2964 949 3029 tis,
970 2979 1048 3039 atque
1065 2965 1093 3017 in
1115 2962 1174 3034 ipso
1188 2962 1256 3033 Reg.
1272 2980 1286 3013 a
1306 2954 1406 3015 cudred

344 3037 407 3094 dem
430 3040 493 3093 libri
512 3058 605 3094 omues
626 3040 719 3112 scripti
742 3053 770 3094 et
783 3040 858 3097 editi.
901 3046 1029 3117 imperita
1044 3042 1201 3097 recentioris
1215 3040 1329 3113 alicujus
1339 3040 1405 3093 inter·

345 3124 456 3175 Atoerte
465 3117 661 3174 emendandum
669 3134 774 3183 est‚uoa
782 3125 857 3176 victa.
902 3124 1031 3197 polatoria
1044 3140 1143 3186 manu,
1157 3140 1228 3175 erasa
1240 3139 1303 3191 qun
1314 3120 1406 3175 subm!

345 3198 456 3255 Exstant
468 3198 859 3273 quideminAnthologia,1V‚
903 3222 985 3269 voce,
1006 3204 1103 3276 legitur
1127 3205 1221 3271 nigrati
1235 3202 1333 3253 talentis
1354 3199 1405 3250 aui.

349 3298 383 3335 ta
394 3320 403 3346 ‚
416 3280 492 3352 plura
502 3280 693 3352 epigrammata
702 3278 737 3332 de
746 3282 796 3335 hac
808 3280 861 3335 Ve-
902 3284 1014 3339 Talenta
1029 3282 1087 3337 auri
1105 3279 1190 3335 sicubi
1206 3294 1296 3353 poeta
1314 3279 1407 3339 dixerc,

317 3397 324 3423 r
345 3359 527 3433 aere,quibus
538 3360 670 3414 illustrata
677 3358 741 3425 suit,
752 3358 798 3413 aed
809 3350 859 3415 m'i-
905 3378 934 3419 ut
945 3364 1021 3417 Mero
1030 3380 1084 3417 uon
1096 3359 1193 3426 semel,
1205 3358 1241 3413 de
1250 3360 1348 3433 ingenti
1358 3352 1405 3411 sari

345 3438 419 3496 nime
432 3440 510 3493 victa.
523 3440 610 3493 Bsor.
903 3442 1025 3517 pondere
1042 3441 1201 3513 accipimus,
1220 3459 1275 3493 non
1298 3438 1332 3493 de
1350 3448 1407 3491 carta

389 3538 433 3589 ²9·
448 3519 514 3573 Cois.
531 3519 572 3571 De
588 3519 639 3575 bac
656 3518 791 3573 Ovidius:
809 3519 860 3575 asi
903 3542 1026 3577 mensura
1039 3521 1322 3593 pecunias,quaeauro
1332 3518 1405 3591 potiar

346 3617 495 3671 numquam
508 3600 643 3652 Venerem
651 3598 715 3653 Cois
730 3598 862 3671 pinxisset
903 3622 983 3679 quam
999 3614 1121 3674 argento,
1145 3612 1250 3653 constet
1271 3620 1280 3654 τ
1301 3598 1345 3655 sed
1363 3598 1407 3649 νῆ’

348 3679 471 3751 Apelles.
494 3679 582 3732 Mersa
600 3678 650 3731 sub
665 3679 795 3751 equorois
814 3680 860 3733 illa
904 3684 944 3738 illi
970 3680 1099 3737 addidere
1124 3678 1248 3745 scilicet,
1275 3676 1345 3755 quod
1362 3678 1407 3749 ejus

346 3760 440 3814 lateret
455 3758 539 3831 aquis.
552 3782 564 3805 a
581 3760 649 3811 Dar..
906 3764 1001 3819 tabula
1014 3760 1204 3831 manipretium
1220 3778 1291 3814 suro
1310 3760 1406 3811 solutum

389 3836 718 3893 30.1uotdum0rs.cicem
731 3836 766 3893 de
778 3838 860 3894 ome.
905 3862 968 3897 mox
978 3840 1212 3896 dicatur.'l'alenta
1222 3840 1313 3894 Attica
1322 3832 1406 3909 agenti

347 3915 516 3982 111‚n.10:
533 3917 683 3979 «Utnemo
697 3918 786 3989 pictor
795 3932 863 3973 esset
906 3922 1024 3993 intellige
1039 3940 1046 3973 ι
1067 3938 1183 3993 quorum
1200 3919 1296 3973 vicena
1315 3928 1407 3971 mouet·

348 3997 486 4062 inventus,
498 3996 543 4069 qui
550 3997 665 4051 Veneria
673 4016 730 4051 eam
743 4011 860 4067 partem,
905 4003 1006 4074 gallicu
1026 3999 1148 4055 efficiunt
1166 4000 1252 4055 libras
1268 3992 1404 4066 mono-ll·

348 4096 427 4151 quam
434 4076 540 4148 Apelles
550 4077 697 4131 inchoatam
704 4079 861 4149 reliquisset,
906 4112 948 4123 —
964 4084 1062 4151 Viginti
1080 4080 1184 4134 latratu.
1206 4080 1283 4135 Brot.
1303 4098 1332 4133 ex
1344 4072 1405 4131 lli&

349 4157 498 4211 absolveret
512 4177 518 4207 :
534 4158 589 4211 oria
602 4156 673 4211 eninr
686 4156 862 4229 pulchritudo
907 4163 989 4233 liegg.
1006 4182 1035 4227 a,
1053 4160 1087 4227 3,
1101 4172 1126 4213 et
1141 4156 1208 4214 edit.
1222 4160 1354 4233 principe.
1378 4156 1405 4203 ti·
