2950 5000
308 439 374 485 122
577 420 617 487 C.
645 416 813 488 PLINII
839 416 947 487 NAT.
974 414 1101 495 lllST.

303 548 436 618 devicta
455 546 618 619 luxurium
633 550 721 620 misit
731 551 766 619 in
780 548 922 619 ltaliam.
941 548 1112 644 Siquidem
1129 549 1253 618 Lucius
1263 549 1372 643 Scipio

305 654 474 725 transtulit
493 656 527 723 in
550 658 723 751 triumpho
743 657 871 752 argenti
893 653 999 725 celati
1023 655 1137 751 pondo
1160 676 1308 725 stccccr.
1330 658 1374 724 Et

305 784 460 830 vasorum
479 786 656 831 aureorum
677 763 789 858 pondo
811 786 867 833 ssu
894 786 982 831 anno
1007 761 1149 832 conditae
1162 761 1264 830 Urbis
1283 762 1374 856 quin·

270 893 284 927 π
305 870 490 962 gentesirno
510 872 714 965 sexagesimo
732 868 860 964 quinto.
879 869 1005 939 Eadem
1025 854 1119 938 Asis⁶
1135 867 1258 938 donata
1271 866 1374 937 multo

304 975 404 1043 etiarn
437 977 572 1070 gravius
603 976 721 1046 afflixit
752 1000 881 1063 mores,
905 973 1117 1070 inutiliorque
1137 972 1293 1044 victoris⁷
1320 970 1374 1043 ills

305 1078 480 1150 hereditas
491 1081 601 1152 Attalo
616 1107 694 1178 rege
708 1097 843 1151 mortuo
859 1082 930 1152 fuit.
947 1086 1032 1151 Tum
1050 1083 1140 1151 enirn
1157 1081 1229 1149 haec
1246 1078 1376 1149 emendi

304 1187 423 1256 Rotnoe
437 1188 473 1257 iu
488 1188 697 1258 auctionibus
708 1190 808 1285 regiis
822 1189 1023 1258 verecundia
1036 1200 1191 1282 exempta
1199 1202 1264 1272 est,
1276 1185 1375 1255 Urbis

304 1315 393 1361 anno
422 1281 677 1364 sexcentesimo⁸
705 1296 866 1391 vigesimo
888 1294 1051 1379 secundo,
1074 1293 1191 1365 mediis
1221 1293 1377 1387 quinqua·

305 1456 339 1489 en
351 1450 507 1491 ornaments
519 1455 663 1504 tusorum,
678 1435 749 1490 tlicte
767 1438 817 1491 tet
863 1438 941 1491 Nott.
954 1436 989 1492 nd
1009 1436 1162 1504 Sidonium,
1176 1456 1205 1509 p.
1222 1436 1290 1501 128,
1306 1433 1377 1488 nude

305 1514 544 1587 attentiusetsi,
557 1514 818 1589 quodussisetljioe·
861 1516 889 1569 in
908 1534 1022 1570 nummo
1041 1533 1157 1569 romono
1178 1528 1206 1569 et
1220 1532 1337 1587 grncnrn
1350 1526 1377 1567 et

304 1608 409 1661 rentur,
421 1610 449 1649 et
463 1597 669 1662 avellerentur,
685 1615 771 1669 quum
787 1596 821 1649 li·
861 1597 977 1650 inemens
999 1596 1181 1651 vocabulum?
1200 1596 1236 1649 Et
1251 1606 1327 1649 vetus
1341 1606 1379 1647 ts·

307 1676 395 1731 bitum
408 1689 474 1730 eret.
485 1677 579 1730 llsnn.
590 1678 706 1730 -Ast'a
715 1680 821 1748 primum
860 1694 923 1729 men
943 1676 988 1729 bie
1008 1694 1085 1730 error
1101 1688 1151 1730 est.
1173 1676 1243 1729 Nstn
1259 1686 1287 1728 et
1302 1672 1379 1727 Livio

304 1756 398 1809 desiria
407 1756 530 1809 [neniam
539 1760 621 1819 seuit,
638 1767 690 1809 etc.
709 1757 818 1819 Livius,
861 1756 999 1822 tribuitur,
1026 1775 1059 1809 ex
1090 1756 1202 1809 vetustis
1227 1752 1380 1817 codicibus,

305 1834 354 1889 lib.
366 1837 502 1900 XXXlX,
518 1854 579 1908 pig.
605 1838 682 1903 489:
703 1862 714 1885 ι
732 1837 821 1889 Luxu·
863 1835 890 1888 in
916 1834 1016 1907 quibus
1039 1835 1176 1905 Asiageni,
1197 1847 1225 1889 et
1247 1832 1380 1905 excerptis

306 1914 354 1969 rin
374 1916 520 1987 peregrinis
547 1915 625 1988 origo
646 1916 681 1968 sb
701 1916 820 1969 exercitu
863 1914 977 1968 Diodori
1003 1914 1195 1977 Peireskisnis,
1226 1914 1255 1967 in
1280 1913 1378 1985 qnibns

306 1995 424 2048 Asistioo
448 1997 553 2049 invectu
584 1996 612 2048 in
636 1996 740 2049 Urbem
766 2006 822 2061 est,
864 1986 1226 2066 lesepeslelegitur.llerurn
1241 1990 1316 2047 haud
1328 1992 1377 2046 tlu-

307 2088 359 2127 etc.
373 2100 385 2123 s
408 2075 500 2129 sAsis
525 2075 594 2129 t‘scts
619 2077 821 2141 Romanorum,
863 2072 908 2126 bie
921 2076 973 2147 legi
984 2086 1091 2147 oportet
1104 2094 1161 2129 ests
1176 2074 1378 2144 Gentius‚cspn

307 2154 345 2207 sit
357 2155 477 2207 lustinus
489 2156 517 2208 in
532 2154 585 2207 tine
602 2155 737 2217 xxxvl,
759 2172 821 2207 cuns
864 2154 906 2206 rel
924 2152 1026 2207 devicte
1048 2154 1148 2207 scilicet
1168 2173 1184 2207 n
1201 2153 1232 2206 L.
1246 2152 1379 2225 Scipione.

253 2268 256 2273 -
308 2234 413 2303 opibus·
422 2234 477 2287 suis
495 2234 559 2287 vitis
578 2252 689 2305 quoque
707 2236 820 2288 Romam
864 2234 1047 2299 Quamobrem
1069 2234 1097 2286 in
1112 2252 1227 2287 nummo
1246 2231 1381 2303 quadriga

308 2312 463 2367 transmisit.
478 2314 566 2367 »Asis
584 2311 766 2385 bincgeminn
780 2314 822 2366 in·
864 2314 1034 2383 sculpuntur,
1062 2314 1242 2367 certissimum
1270 2312 1379 2383 gemine

308 2390 413 2445 «licetur
427 2412 435 2448 t
449 2392 545 2457 slters,
560 2394 626 2446 Asis
639 2394 728 2448 minor
740 2393 822 2461 hodie
865 2392 984 2445 victorine
1011 2405 1197 2464 argumentum
1220 2408 1228 2445 :
1249 2410 1313 2445 nam
1334 2408 1381 2462 pro

309 2552 390 2606 sltem
399 2572 460 2625 qun
468 2554 546 2624 Syris
556 2554 820 2624 snpinsuppellstur,
865 2553 969 2617 ximus,
984 2565 1088 2606 tantum
1103 2553 1171 2623 bigse
1183 2553 1379 2622 sculperentur.

309 2633 358 2685 nbi
383 2633 533 2686 Antiochus
551 2633 687 2702 regnsbst.
706 2634 824 2696 Plinius,
868 2631 945 2684 Nulla
962 2633 1025 2703 fingi
1038 2645 1110 2686 certe
1122 2645 1211 2703 potest
1229 2650 1308 2686 cause
1321 2647 1382 2701 pro·

309 2712 425 2774 xum
441 2712 621 2767 :ebutioelso
634 2729 696 2785 rege
708 2712 824 2784 Asisqne
865 2712 979 2776 babilis,
1013 2712 1188 2784 quemobrem
1226 2703 1381 2782 Ᾰσιαγινὴς,

309 2789 414 2846 devicte
436 2792 520 2852 Urbis
533 2808 605 2844 enno
623 2792 690 2845 565.
704 2817 717 2840 ι
736 2792 825 2845 Testis
867 2793 930 2844 Asis
942 2795 1053 2862 genitus,
1068 2790 1173 2846 dicetur
1192 2791 1278 2846 bomo
1300 2806 1382 2843 roms·

310 2871 391 2935 etism
411 2885 452 2927 est
469 2871 582 2944 gemines
604 2872 686 2942 bnjns
705 2872 823 2925 victorie
866 2889 931 2930 nus,
955 2883 982 2924 et
1013 2889 1044 2924 ex
1079 2871 1246 2928 nobilissima
1272 2867 1380 2942 quiden

310 2964 592 3022 nnmsnnssrgenteus
605 2950 783 3005 ‹lenticuletus
796 2951 824 3003 in
866 2963 943 3022 gente
958 2951 985 3004 in
1000 2951 1084 3004 Urbe.
1099 2949 1191 3005 urin.
1283 2998 1286 3003 .

310 3030 407 3086 lluseu
421 3043 527 3095 nostro,
538 3043 566 3083 et
574 3028 645 3102 epod
658 3031 785 3085 Petinurn
797 3029 824 3082 in
908 3033 935 3084 6.
946 3031 1040 3082 Eodem
1050 3033 1113 3082 Asin
1121 3029 1346 3100 hoctultslleg.
1357 3045 1381 3090 s,

310 3111 375 3165 fem.
389 3131 416 3183 p.
429 3129 474 3179 9⁰·
490 3111 579 3182 Cnput
589 3110 665 3163 Iovis
677 3110 823 3164 laurentum
867 3122 893 3162 et
904 3110 984 3162 Colb.
996 3101 1014 3163 '3
1026 3148 1034 3174 ,
1045 3121 1072 3161 et
1085 3128 1154 3181 quos
1169 3107 1287 3162 Budaeus
1300 3109 1382 3178 inspe-

311 3190 431 3252 exbibet,
448 3209 479 3244 ec
491 3190 600 3243 sinistro
612 3191 693 3243 lutere
708 3190 824 3244 litteram
867 3189 922 3252 xit,
936 3190 994 3258 ipso
1007 3187 1147 3261 prodente,
1162 3189 1221 3252 111,
1234 3188 1254 3242 l.
1270 3187 1321 3248 85,
1332 3203 1380 3240 non

312 3269 348 3323 K.
367 3271 398 3322 ln
414 3283 490 3341 perte
505 3287 610 3332 sueres,
625 3268 716 3340 Scipio
736 3282 776 3324 est
797 3269 826 3321 in
867 3269 975 3329 demta,
991 3282 1021 3322 ut
1034 3267 1098 3321 editi
1112 3268 1242 3323 hactenus
1252 3268 1325 3321 libri.
1341 3268 1382 3318 At·

311 3348 447 3422 quedrigis
466 3371 475 3402 τ
499 3349 604 3403 sinistre
625 3361 698 3402 tenet
720 3350 824 3421 signnm
869 3349 955 3414 talus,
972 3348 1093 3420 Pergami
1104 3347 1132 3400 in
1147 3347 1208 3402 Asis
1220 3367 1282 3406 tex,
1299 3363 1382 3420 popu·

311 3429 442 3494 militare,
476 3427 570 3481 dextre
598 3427 709 3482 fulmen.
738 3429 825 3494 Infrs,
868 3429 924 3481 lum
942 3445 1012 3481 rotn.
1028 3427 1145 3480 moriens
1160 3425 1296 3481 baeretlem
1315 3423 1382 3480 insti·

312 3528 339 3562 ι..
352 3527 421 3562 ectr.
434 3527 500 3561 usn.
507 3525 535 3568 c,
546 3508 652 3578 punctis
660 3508 698 3560 sic
706 3509 804 3562 notetis
817 3529 824 3560 s
870 3509 928 3561 tuit.
942 3509 1017 3562 Hanc
1029 3505 1277 3562 Asindonstionem
1283 3505 1380 3560 Plinius

312 3589 402 3640 Lucitu
414 3587 512 3660 Scipio:
524 3588 588 3640 Asia
599 3590 704 3657 genius.
720 3589 754 3642 ln
767 3588 828 3660 qni·
871 3600 981 3660 spectet.
993 3589 1084 3641 llsnu.

312 3666 424 3721 busdam
435 3668 564 3731 nummis,
575 3679 641 3720 teste
649 3668 760 3731 Ursino,
771 3669 827 3720 sine
911 3687 940 3737 7.
957 3667 1117 3738 inutiliorque
1132 3671 1238 3720 uictoria
1259 3667 1311 3719 itta.
1327 3663 1383 3730 Qus

313 3747 530 3818 interpunctione
542 3746 670 3818 scripturn
687 3759 725 3799 est
736 3764 823 3800 seruc.
871 3745 995 3801 videlicet
1012 3747 1044 3802 L.
1057 3747 1146 3818 Scipio
1163 3745 1325 3800 Antiochum
1342 3741 1383 3797 de·

313 3825 346 3880 ltl
367 3847 431 3882 vero
448 3827 493 3880 ulii
506 3828 656 3896 Asiageues,
668 3819 824 3898 Ᾰσιαγινῆς,
869 3826 943 3881 vicit.
958 3825 1047 3880 Hunn.

227 3925 231 3932 ·
313 3907 359 3959 ulii
383 3909 529 3978 Antipera,
554 3906 720 3978 interpretati
749 3919 826 3973 sunt,
912 3907 938 3959 8.
958 3906 1030 3959 Urbis
1046 3925 1111 3959 cuttu
1126 3908 1311 3966 sexcentesimo,
1327 3912 1376 3955 etc·

312 4005 409 4059 pnrnm
431 4000 504 4041 certe
527 3987 649 4041 feliciter.
684 3987 769 4052 Nem,
796 3999 828 4040 nt
871 3987 912 4040 Ite
926 3987 991 4058 lleg.
1009 3987 1078 4039 s.1n
1092 3984 1169 4040 editis
1180 3985 1257 4040 libris
1269 3981 1303 4038 sd
1315 3981 1380 4034 bunc

202 4114 203 4117 ,
313 4079 389 4122 ecute
420 4065 581 4120 Sirmontlus
612 4065 768 4132 admonuit,
800 4067 827 4120 in
874 4057 1383 4132 diem‚mendose,amttucxltt'1,

1409 4313 1420 4352 l
