2950 5000
463 386 853 455 nrnnaxxxvn.
1126 385 1195 487 637

123 522 264 592 crassius
287 542 389 615 quani
419 520 672 612 smaragdus,a
700 516 956 597 coloremalvae
979 496 1113 590 nhmine
1142 548 1201 593 ac·-

122 643 242 722 cepto,
265 625 443 695 reddendis
468 624 601 695 laudata
623 625 746 720 signis,
768 638 801 693 et
821 623 1014 693 in'lantium'
1045 629 1197 699 custodia

122 734 288 827 quadam,
313 734 428 801 innato
464 746 581 800 contra
613 728 760 825 pericula
792 732 939 824 ipsorum
968 730 1195 808 medicamine.

121 839 281 908 Nascitur
299 839 333 905 in
358 838 487 905 Arabia.
745 910 750 925 ,

172 947 359 1013 xxxvii.
384 945 498 1025 viret,
516 957 550 1010 et
574 966 662 1036 saepc
686 940 869 1011 translucet
893 944 991 1036 iaspis
1002 941 1023 1027 ¹,
1046 946 1144 1014 etiam
1171 948 1195 1016 si
1218 976 1229 1007 1

120 1050 206 1119 ricta
230 1076 251 1119 a
273 1048 405 1137 multis,
426 1050 628 1142 antiquitatis
650 1062 761 1117 tamen
784 1046 921 1143 gloriam
941 1052 1096 1119 retinens.
1116 1052 1196 1121 Plu,-

118 1157 210 1225 rimae
224 1158 342 1226 lerunt
354 1180 427 1223 eam
439 1150 553 1250 gentes
569 1180 577 1221 ι
592 1154 767 1250 smaragdo
783 1154 920 1224 similem
936 1156 1010 1224 lndi
1025 1154 1035 1179 ²
1049 1159 1196 1253 :Cypros

119 1261 237 1331 duram
244 1261 430 1359 glaucoque
441 1245 586 1354 pingui³z
601 1260 931 1329 Persaeaerisimilem
942 1290 949 1329 :
960 1263 1004 1331 oh
1015 1262 1046 1331 id
1056 1280 1196 1333 vocatur

118 1356 270 1438 aerirusa
285 1355 308 1435 ⁴.
329 1367 418 1454 Talis
442 1382 476 1435 et
499 1367 618 1460 Caspia
641 1381 715 1435 est:
738 1366 895 1449 caerulea,
923 1369 1009 1437 circa
1034 1368 1195 1439 Thermo·

119 1472 281 1544 doontem
300 1498 457 1542 amnem:
476 1474 510 1541 in
525 1472 685 1567 Phrygia,
701 1496 869 1567 purpurea
887 1498 895 1540 ε
912 1475 947 1541 in
962 1475 1194 1567 Cappadocia,

119 1603 158 1648 ex
172 1604 327 1676 purpura
342 1578 500 1664 caerulea,
518 1593 705 1671 atque‘non
726 1578 905 1671 refulgens.
923 1582 1053 1648 Amisos
1073 1582 1194 1653 Indicas
1214 1612 1229 1647 a

119 1685 260 1755 similem
280 1672 413 1770 mittis⁵‚
445 1683 638 1755 Calchedon
659 1684 837 1754 turbidam.
862 1684 926 1753 Sed
956 1687 1065 1755 minus
1093 1688 1195 1757 refert

118 1794 293 1876 nationes,
310 1814 411 1885 quarn
426 1792 610 1875 bonitates,
628 1790 840 1884 distinguere.
860 1792 996 1884 Optima
1012 1816 1103 1888 ergo,
1120 1818 1194 1887 quae

119 1921 280 1993 purpurae
302 1897 483 1992 quidquam
506 1897 634 1965 habet:
659 1896 820 1983 secunda,
843 1920 916 1989 quaa
942 1922 1051 1967 rosae:
1077 1901 1193 1987 tertia,

121 2050 198 2105 Colli.
221 2054 257 2118 3,
279 2054 346 2106 Fax.
374 2066 424 2104 etc.
438 2050 485 2104 sed
499 2064 526 2104 et
541 2050 637 2104 Isidori
676 2067 739 2123 qua
756 2052 833 2103 nobis
848 2050 949 2104 dicitur
962 2056 1034 2123 jaspe
1055 2067 1117 2107 aest.
1140 2056 1192 2109 En.

120 2132 191 2185 hunc
211 2133 306 2185 locum
331 2133 369 2184 ita
392 2130 542 2193 reddentis,
561 2132 638 2201 Orig.
721 2152 747 2185 a.
762 2130 900 2201 Smaragdo
912 2134 1011 2185 similem
1024 2134 1089 2185 Indi.
1103 2124 1191 2197 lassis

119 2210 165 2264 lits.
173 2213 243 2265 XVI
253 2252 263 2277 ,
275 2228 359 2284 cap.7
371 2228 378 2263 τ
388 2212 563 2263 -ilolochirss
572 2211 639 2281 spis·
677 2206 872 2282 σμαραγδίζων,
899 2210 1050 2265 Dioscoridi
1061 2251 1069 2278 ‚
1085 2212 1133 2266 lib.
1150 2217 1192 2280 V,

120 2291 293 2357 sinisiram,
311 2304 338 2361 et
347 2290 460 2344 crassior
474 2308 555 2360 quam
569 2296 652 2342 ama-¹
679 2309 739 2360 cap.
760 2294 822 2342 160.
839 2292 873 2343 H.
884 2321 924 2333 -
934 2290 1071 2360 Smaragdo
1083 2296 1192 2347 similem.

118 2370 578 2441 ragdos,acoloremalraenomen
593 2386 636 2421 sc·
680 2370 744 2421 Haec
769 2369 865 2440 iaspis,
888 2369 909 2420 le
929 2372 1000 2441 jaspe
1021 2374 1192 2444 varedepr65

120 2452 190 2522 cepis
203 2469 210 2504 :
223 2450 253 2504 in
268 2448 411 2504 reddendis
423 2448 527 2504 laudata
545 2450 634 2520 signis.
679 2450 807 2515 actinosa,
822 2451 843 2501 le
852 2452 923 2518 jaspe
936 2450 1097 2506 bleaeeleaes
1109 2472 1193 2508 curu·
1232 2436 1240 2462 ⁴

120 2527 245 2584 Nascitur
259 2531 288 2582 in
296 2530 405 2582 Arabia.
415 2555 426 2576 ·
440 2531 524 2582 Solini
534 2532 635 2600 pariter
678 2530 731 2596 lea,
741 2532 763 2582 le
770 2532 842 2600 jaspe
852 2531 925 2591 blea,·
938 2549 1082 2602 purpurea,
1091 2534 1114 2585 le
1121 2537 1193 2605 jaspe

120 2623 178 2681 cap.
192 2629 304 2675 xxxm,
323 2627 385 2680 pag.
409 2609 465 2661 63:
480 2635 492 2656 ι
503 2611 537 2662 Et
550 2611 634 2661 molo·
674 2628 796 2680 postrpm
811 2608 908 2671 Sarda,
919 2610 941 2660 le
950 2614 1021 2682 jaspe
1033 2613 1121 2675 aarde5
1131 2613 1191 2666 imi·

121 2687 209 2742 thiren
239 2690 326 2742 Arabs
356 2688 476 2752 invenit,
502 2688 633 2740 virentem
678 2701 731 2741 tnta
744 2689 844 2753 violas,
857 2691 879 2740 le
886 2691 958 2759 jaspe
971 2693 1064 2754 arieles,⁸
1078 2693 1193 2745 terebin-

120 2770 231 2822 censius
255 2787 335 2839 quain
357 2766 523 2837 smaragdus,
540 2779 633 2820 contra
678 2767 797 2832 rhinnea,
813 2769 835 2818 le
846 2771 919 2838 jaspe
928 2771 1021 2838 jaune,
1038 2771 1142 2842 lejaspe
1156 2777 1192 2822 te'-

121 2845 255 2901 inlantum
271 2848 388 2916 pericula
402 2847 519 2918 ingenita
530 2847 557 2898 ri
569 2847 634 2899 resi·
678 2847 824 2900 rebeatln'nd.
838 2848 922 2900 Bnor.

121 2935 242 3010 spontem.
256 2954 267 2974 ι
283 2925 335 2979 Sed
351 2939 453 2978 strnox
473 2945 581 2997 quoqne
600 2945 633 2978 cx
710 2926 745 2982 ,3.
764 2925 904 2998 Glaucoque
917 2929 1013 2997 pingui.
1039 2929 1188 2982 «Glaucam

122 3007 277 3060 eorumdem
302 3003 425 3058 codicum
446 3017 471 3057 et
494 3018 633 3058 auctorum
678 3006 877 3076 pinguemque·
896 3007 922 3057 in
942 3006 1078 3059 nonnullis
1096 3009 1192 3062 veteri·

122 3083 174 3138 lide
182 3086 353 3148 addidimus,
370 3110 382 3132 ι
392 3085 514 3137 Nascitur
524 3085 551 3136 in
566 3084 635 3137 Ara·
677 3087 729 3137 bns
748 3085 861 3154 legitur:
875 3085 904 3135 in
920 3085 994 3150 aliis,
1019 3111 1030 3132 ι
1045 3084 1191 3158 glacieiquc

123 3163 180 3229 bia,
192 3191 204 3212 ι
228 3183 289 3237 quas
302 3182 407 3218 vocesa
422 3165 497 3216 libris
507 3165 635 3217 omnihus
678 3165 794 3235 pinguis.
808 3189 818 3210 ι
830 3164 956 3216 Fortassis
968 3163 996 3217 id
1006 3183 1100 3235 genus,
1118 3167 1192 3238 quod

122 3241 201 3296 editis
225 3247 345 3298 aberant.
370 3245 403 3296 H.
426 3277 464 3287 —
481 3243 632 3297 Mammea.
678 3261 734 3297 esse
744 3243 847 3313 pituita
855 3243 940 3295 simile
950 3244 1118 3298 Dioscorides
1129 3248 1192 3299 scri-

122 3320 226 3376 Nostris
240 3326 366 3375 malachite
389 3323 635 3394 (laedae-carbonata
678 3324 726 3376 bit.
749 3323 816 3392 list..
828 3355 868 3366 -·
884 3321 1023 3396 Glaucoque
1034 3329 1130 3396 pingui.
1144 3326 1191 3380 Sa·

123 3415 176 3452 aen
187 3405 219 3455 de
234 3404 350 3467 calare),
361 3402 397 3455 de
411 3421 463 3474 qun
476 3404 529 3473 jam
541 3421 634 3473 supra,
677 3403 732 3455 turi
743 3401 849 3455 coloris.
860 3404 950 3456 lisso.

123 3482 206 3535 atde
235 3483 401 3553 chrysocolla
429 3475 550 3547 dictura,
587 3483 634 3536 lib.
720 3491 747 3548 4.
761 3483 889 3534 Aerlmna.
901 3475 1192 3553 lausannensem

123 3559 399 3632 xxxn1‚0ap.2s.
418 3563 471 3615 En.
678 3578 758 3628 quam
786 3563 945 3614 turchesiam
970 3561 1055 3613 nostri
1079 3577 1191 3629 vocent,

163 3659 188 3694 a.
203 3643 241 3694 Et
251 3644 378 3707 infantiam
389 3642 506 3694 custodia.
517 3641 635 3705 Solinus,
678 3639 820 3694 Salmasius
833 3640 983 3704 existimat,
995 3641 1023 3692 in
1033 3641 1117 3694 Soliti.
1130 3660 1191 3716 pag.

123 3733 179 3788 asp.
191 3738 331 3793 1x1111‚p.
344 3721 399 3784 63,
410 3733 437 3773 et
449 3719 573 3772 Marhod.
586 3721 633 3773 tib.
680 3738 731 3772 sos
741 3760 749 3784 ,
761 3733 887 3791 sequutus
906 3720 1067 3790 Agricolam.
1081 3721 1192 3776 Diosco-

124 3793 157 3849 ds
168 3798 262 3871 lapid.
275 3815 343 3871 pret.
358 3818 416 3870 cap.
431 3818 506 3853 xciv.
518 3799 552 3850 Η.
677 3795 746 3862 ridi,
758 3801 808 3852 loc.
823 3800 868 3852 cit.
881 3811 918 3850 est
928 3801 1015 3859 laseris
1031 3799 1139 3869 δωρίζων.
1157 3800 1191 3856 Η.

161 3878 307 3932 xxxvtt.
330 3897 353 3932 r.
369 3881 398 3930 V
395 3884 441 3929 iret
451 3891 476 3932 et
485 3897 549 3948 saepe
557 3891 635 3929 trans·
720 3879 746 3932 5.
762 3879 859 3931 Amisos
881 3879 972 3931 indicte
993 3879 1091 3930 similem
1108 3885 1190 3934 mittit.

126 3953 186 4009 laser
197 3963 278 4029 iaspis.
301 3960 386 4030 Iaspis
401 3959 445 4010 itta
459 3957 551 4010 eadent
567 3960 634 4012 Bro-
679 3959 726 4010 Est
735 3971 824 4010 autern
840 3959 942 4010 Amisos
954 3958 1030 4010 Ponti
1042 3959 1114 4022 urbs,
1124 3961 1192 4015 sient

125 4035 190 4091 taio
207 4037 386 4092 videturesse
404 4038 504 4109 species
522 4055 583 4090 cuns
604 4055 634 4090 ca
679 4035 834 4091 Calchedon
850 4037 991 4110 Bithynia.
1008 4037 1116 4092 Gaura.
