2950 5000
279 475 322 548 52
550 475 588 544 C.
616 476 785 546 PLINII
810 477 918 547 NAT.
948 477 1074 547 tttsT.

276 607 454 682 Alexandri
472 608 588 701 Magni
609 606 805 702 prefectum
821 609 931 678 aureis
947 608 1048 676 clavis
1065 607 1221 703 suffigere
1234 611 1351 705 crepi-

276 717 345 787 das.
368 715 532 784 Antonius
546 714 636 807 apud
650 739 710 783 nos
726 717 760 783 in
781 714 1015 785 contumeliam
1036 707 1165 784 naturae
1182 713 1352 786 vilitatem
1466 784 1467 789 ,

276 847 360 894 auro
374 821 469 905 fecit,
479 821 724 914 proscriptione
738 820 876 916 dignum
885 807 921 905 ¹⁸,
933 820 992 889 sed
1010 823 1162 914 Spartaci
1170 819 1205 889 ¹⁹.

245 953 256 987 ¹
332 930 410 998 XV.
431 925 595 1020 Equidem
626 928 729 995 miror
755 925 915 1022 populum
938 949 1114 995 romanum
1130 928 1224 996 victis
1245 929 1356 1022 genti·

278 1037 340 1106 bus
358 1035 393 1102 in
413 1032 537 1102 tributo
553 1056 684 1126 semper
700 1048 876 1126 argentum
891 1034 1112 1126 imperitasse,
1122 1057 1191 1101 non
1205 1057 1328 1102 aurum
1344 1058 1353 1099 ε

278 1147 366 1214 sicut
385 1137 597 1231 Carthagini¹
627 1163 703 1206 cum
732 1137 918 1209 Hannibale
940 1139 1038 1206 victae
1060 1138 1209 1232 argenti²
1231 1163 1287 1208 xrt
1310 1162 1355 1209 at.

279 1290 373 1328 aureos
400 1269 488 1322 elavos
514 1265 630 1338 crepidis
659 1267 794 1340 subjectos
874 1269 928 1320 XV
931 1308 937 1321 .
952 1285 977 1320 r.
993 1267 1062 1320 Sient
1076 1267 1232 1338 Carthagini.
1245 1268 1358 1340 Appia·

278 1352 381 1408 habuit.
400 1373 412 1396 ι
426 1347 517 1400 Simile
530 1360 556 1402 et
571 1345 645 1416 quod
659 1345 693 1400 de
705 1349 794 1418 Ephe·
834 1366 885 1400 nus
900 1348 929 1400 in
944 1347 1038 1401 Punic.
1052 1367 1113 1418 pag.
1127 1349 1172 1410 3ο.
1187 1349 1261 1402 ricto
1270 1350 1312 1401 ait
1324 1350 1357 1401 in

278 1435 319 1486 sio
338 1428 482 1482 Theotimo
496 1425 603 1479 Plautus
621 1426 649 1479 in
665 1426 794 1480 Bacchid.
836 1427 927 1480 Airira
939 1425 1101 1492 Hannibale,
1115 1448 1130 1480 a
1142 1429 1172 1481 P.
1192 1429 1277 1482 Corra.
1297 1427 1361 1482 Sci·

279 1525 330 1567 act.
342 1511 386 1574 11,
399 1526 436 1560 sc.
450 1507 478 1570 3,
488 1525 556 1558 vers.
566 1507 601 1572 98
614 1523 621 1556 τ
637 1531 648 1553 ι
660 1507 714 1572 Qui
725 1526 792 1559 auro
835 1507 937 1578 pione,
954 1506 1025 1558 bello
1040 1507 1143 1559 Punico
1154 1507 1290 1572 secundo,
1304 1509 1361 1561 im·

279 1585 486 1646 babebataoecis
495 1585 653 1655 subpactum
665 1585 762 1639 solum.
778 1609 791 1632 ι
837 1597 957 1656 peratum
988 1586 1252 1656 Carthaginiensibus
1284 1587 1362 1640 inter

280 1672 361 1726 Forte
374 1695 386 1717 ι
402 1683 514 1720 aureum
528 1665 631 1728 solum,
646 1689 660 1712 ι
676 1666 728 1718 boe
740 1654 795 1732 eit,
836 1677 942 1718 ceteras
957 1663 1126 1717 conditiones
1144 1666 1231 1735 pacis,
1251 1679 1283 1719 ut
1296 1668 1358 1720 ain·

280 1767 387 1805 auream
401 1744 570 1798 calceamenti
584 1744 691 1798 soleam.
706 1745 794 1809 Festo,
836 1744 906 1816 gulis
918 1745 995 1796 annis
1004 1743 1118 1797 ducenta
1130 1746 1225 1798 talenta
1234 1747 1362 1799 Euboica

285 1856 297 1879 ι
310 1830 411 1884 elavata
425 1823 551 1878 dicuutur
562 1824 796 1878 calciamentacla·
836 1842 886 1894 per
900 1841 986 1876 anuos
1001 1821 1194 1896 quinquaginta
1207 1824 1235 1877 iu
1249 1826 1362 1879 Urbem

281 1911 322 1962 vis
333 1905 437 1962 confixa
448 1922 455 1956 :
472 1929 483 1951 ι
498 1916 524 1956 et
539 1903 612 1956 fuere
626 1903 715 1974 caligae
726 1904 798 1956 tnili-
837 1902 965 1956 aiierrent
983 1920 990 1953 t
1013 1904 1065 1956 Καὶ
1089 1907 1114 1965 i<
1132 1894 1220 1974 inpar
1245 1906 1363 1958 insinere

282 2003 352 2043 tares
368 1983 448 2039 clavis
472 1981 589 2048 suffixae,
605 1981 651 2035 sed
667 1995 696 2035 ut
712 1981 797 2036 hodie
838 1982 1039 2052 irrucdsaqiprrs
1049 1981 1292 2036 miserabamur«
1299 1982 1366 2038 δια-

282 2067 459 2128 rusticorum,
473 2061 574 2115 ferreis.
587 2059 677 2116 Haan.
838 2063 928 2123 aiere,
939 2062 981 2114 tet
994 2063 1150 2117 πεντήκοντα
1162 2065 1298 2124 ἐνιαυτούς.
1317 2066 1366 2118 sic

327 2149 373 2201 ιδ.
398 2143 467 2213 Opus
489 2143 664 2212 prescriptione
687 2141 796 2210 dignum.
840 2154 866 2194 et
886 2140 987 2193 Livius.
1005 2141 1153 2195 Massinissa
1172 2142 1241 2212 ipse,
1261 2144 1367 2196 Poenoa

284 2225 336 2282 Sed
353 2235 444 2296 preter
463 2222 514 2273 alia
534 2219 655 2292 equidem,
674 2233 724 2274 etc.
744 2217 799 2282 (sio
839 2219 958 2273 devictos
977 2222 1078 2290 argenti
1097 2223 1218 2294 quinque
1236 2221 1367 2277 millibus

284 2295 426 2380 prius).1n
441 2313 492 2354 ret.
506 2298 568 2352 cod.
585 2317 673 2370 «opus
687 2300 801 2370 proscri-
840 2298 932 2371 pondo
946 2299 1080 2369 multavit,
1101 2313 1167 2354 teste
1182 2299 1279 2354 eodem
1303 2306 1367 2373 Ap·

261 2384 267 2399 ⁸
284 2387 377 2459 ptione
388 2381 509 2452 dignum,
520 2378 567 2432 sed
578 2378 707 2451 Spartaci.
718 2379 801 2450 Equi·
840 2379 972 2451 piano,p.
983 2384 1030 2441 it.
1040 2378 1119 2450 Apud
1127 2381 1185 2434 Lir.
1196 2381 1368 2448 XXXVIII,

286 2465 348 2520 darn
363 2463 447 2517 miror
459 2459 608 2532 populum,
623 2471 673 2512 eto.
686 2485 697 2507 ι
719 2457 799 2511 Prnr.
841 2455 915 2532 qnod
937 2457 1017 2510 AEtoli
1035 2457 1169 2513 redimere
1188 2475 1301 2533 argento
1318 2481 1370 2535 pa·

287 2576 327 2589 --
342 2544 521 2611 Proscriptiune
531 2539 639 2609 dignum.
657 2540 723 2592 Rem
736 2558 801 2609 pro·
842 2555 900 2593 cem
917 2550 963 2591 aut
977 2538 1092 2604 nollent,
1104 2552 1214 2593 autnon
1223 2542 1368 2610 valerent,

286 2624 431 2696 scriptione
443 2618 560 2691 dignam.
571 2620 661 2671 Hane.
843 2619 934 2689 iniqua
951 2618 1074 2688 imposita
1097 2618 1231 2683 conditio,
1245 2644 1269 2667 -ι
1288 2634 1322 2673 ut
1344 2624 1370 2676 si

332 2722 375 2773 ¹9·
399 2700 451 2754 Sed
468 2698 588 2770 Spartaci.
618 2698 735 2768 Dignus,
760 2698 803 2750 in·
843 2695 1370 2762 aurumdaremallent,·facereutsaue:

287 2783 358 2856 quit.
374 2780 507 2834 Antonius
518 2779 564 2851 qui
579 2777 615 2831 ob
625 2777 677 2830 boo
691 2778 804 2848 proscri-
848 2803 859 2826 ι
875 2774 941 2829 dum
954 2794 1005 2846 pro
1016 2779 1147 2850 argenteis
1157 2778 1251 2833 dec'ctn
1261 2798 1371 2834 aurens

287 2866 408 2926 beretur,
420 2878 474 2913 non
488 2876 503 2910 a
516 2858 603 2929 Sylla,
620 2857 705 2909 aliove
718 2857 803 2909 consi·
845 2873 916 2908 unus
926 2855 1042 2910 valeret:
1058 2883 1069 2905 ι
1082 2877 1165 2929 quum
1176 2860 1280 2929 justum
1294 2874 1372 2914 esset

289 2942 362 3007 mili,
375 2938 421 2994 sed
433 2958 448 2992 a
462 2938 589 3009 Spartaco
608 2935 755 3005 gladiatore
774 2954 805 2989 ac
846 2953 956 2988 aureum
967 2954 1052 2987 unum
1062 2939 1195 3007 argenteis
1207 2938 1294 2991 ntulto
1305 2940 1372 3008 plu·

290 3022 419 3094 fugitivo,
431 3018 477 3090 qui
489 3016 578 3069 rustris
589 3015 643 3067 suis
654 3012 805 3080 interdixit,
845 3016 920 3069 ribus
929 3015 1061 3068 aestimari.
1074 3015 1163 3069 Hann.
1171 3016 1291 3069 -Sieut
1300 3020 1373 3071 Can·

290 3120 325 3155 ne
340 3100 399 3173 quis
414 3114 510 3151 aurum
527 3096 638 3148 baberet
654 3106 699 3147 aut
710 3112 805 3165 argen·
848 3096 943 3163 rhegini
958 3113 1009 3145 eum
1025 3096 1166 3148 Hannibale
1179 3099 1251 3149 uictae
1265 3105 1375 3165 urgenti

292 3194 360 3235 tum.
370 3176 504 3231 Haam-
510 3174 806 3245 Proscriptiunedigrnmr,
844 3173 928 3245 pondo
939 3194 1021 3225 annue
1041 3178 1066 3227 in
1079 3180 1254 3247 quinquaginta
1274 3198 1370 3233 aanor.

292 3261 336 3313 red
347 3257 469 3331 Spartaci.
485 3254 601 3327 Eqru'dern
614 3258 695 3319 miror,
707 3266 759 3307 etc.
773 3256 806 3306 ln
848 3255 889 3307 Ita
902 3252 966 3305 libri
975 3266 1066 3307 omnes
1077 3256 1131 3307 iere
1144 3268 1202 3308 turn
1214 3256 1292 3311 MSS.
1306 3270 1372 3312 tum

291 3338 368 3395 libris
374 3336 498 3408 vulgatis,
510 3360 522 3382 ι
534 3352 602 3406 opus
611 3333 808 3405 proscriptione
850 3331 927 3385 editi.
941 3332 1037 3385 Nullus
1050 3347 1122 3387 certe
1136 3348 1250 3406 quantus
1264 3336 1313 3390 ille
1326 3356 1373 3392 ar·

292 3418 411 3490 dignum.
432 3412 484 3469 Sed
497 3427 596 3485 praeter
609 3412 659 3466 alia
678 3411 804 3483 equidem
849 3413 921 3483 genti
945 3430 1075 3465 numerus
1096 3414 1192 3479 fuerit,
1212 3413 1303 3470 docet.
1325 3420 1374 3485 Is,

293 3499 386 3561 miror,
399 3521 411 3543 ι
430 3492 613 3567 pessumdata,
633 3504 663 3545 ut
679 3505 805 3562 apparet,
848 3509 932 3564 quum
943 3491 1118 3546 ducentorum
1125 3495 1373 3552 fuisseannuorum

292 3576 429 3631 sententie
436 3572 654 3643 omnielegnntia,
663 3590 722 3643 quae
729 3572 808 3641 Spar·
851 3572 1009 3624 talentorum
1025 3572 1054 3624 iu
1068 3572 1260 3645 quinquaginta
1281 3594 1376 3631 aranos

294 3658 346 3711 tari
362 3655 408 3709 illa
428 3651 621 3725 proscriptione
643 3650 806 3715 continetur,
850 3651 987 3721 prioribus
1010 3653 1080 3704 uotis
1107 3670 1139 3706 ex
1167 3654 1291 3725 Appiano
1317 3655 1375 3710 do·

295 3748 327 3791 ut
338 3732 556 3805 interpretatione
568 3743 658 3784 nostra
670 3730 808 3801 prioribus
850 3724 1003 3795 currimus,
1018 3732 1149 3803 Lirioque
1168 3750 1174 3786 :
1190 3732 1262 3785 baud
1284 3732 1376 3791 dubie

296 3816 367 3870 notis
376 3809 547 3867 ostendimus.
556 3810 661 3863 Habent
669 3808 810 3875 haereres,
854 3828 943 3863 annua
957 3808 1100 3865 duodecim
1113 3810 1203 3883 pondo
1215 3812 1298 3867 millia
1311 3832 1376 3871 esse

296 3896 340 3947 sed
352 3891 476 3963 Spartaci,
494 3888 598 3944 codices
611 3888 809 3961 probatissimi,
854 3891 1005 3960 oportuisse
1016 3893 1184 3962 perspicuum
1193 3905 1240 3945 est.
1250 3892 1285 3946 H.

297 3976 363 4045 Bag.
376 3967 809 4041 a,cnterique,etquosritlimus‚
897 3988 923 4022 a.
946 3970 1058 4039 Argenti
1076 3972 1168 4040 pontin
1193 3972 1232 4023 Ut
1257 3970 1375 4043 quidem

297 4065 326 4106 et
354 4070 421 4123 qnos
442 4059 588 4104 tractarunt
613 4048 753 4103 Pincianus
779 4066 810 4103 ac
856 4048 995 4119 Appianas
1016 4048 1160 4122 Liuiusque
1181 4049 1292 4117 dixere,
1317 4052 1375 4107 du·

298 4132 438 4189 Mnus.
449 4130 539 4185 Hasn.
855 4140 932 4183 centa
947 4128 1060 4195 talenta,
1074 4144 1104 4184 ut
1119 4130 1200 4201 paulo
1213 4148 1294 4203 supra
1310 4150 1376 4186 nro·
