2950 5000
433 439 588 507 LIBER
613 439 819 509 xxxvtt.
1088 446 1160 521 623
1251 444 1255 452 ’

104 568 217 639 habere
236 570 425 653 varietates,
435 570 584 664 igneam,
605 571 752 665 nigram,
766 596 938 659 corneam,
952 578 1161 672 cingentibus

103 676 241 745 candidis
263 678 355 745 venis
378 674 466 750 oculi
489 675 610 761 modo,
630 677 926 750 intervenientibus
943 688 1160 776 quarumdam

103 781 199 851 oculis
226 781 368 876 obliquis
391 782 484 849 venis
493 769 516 849 ⁴.
543 768 701 852 Sotacus⁵
726 796 761 853 et
790 786 964 885 Arabicum
996 794 1159 885 onychem

104 886 214 958 tradit:
233 887 292 957 sed
313 912 386 956 earn
404 910 425 955 a
446 888 571 956 caeteris
589 886 728 976 distare,
745 890 835 983 quod
859 892 973 962 ludica
999 898 1161 990 igniculos

103 992 232 1079 habeat,
247 993 332 1063 albis
341 992 552 1086 cingentibus
567 995 661 1062 zonis
673 994 827 1089 singulis,
842 996 1048 1091 pluribusve,
1066 1002 1162 1076 aliter

102 1124 191 1193 quarn
206 1102 239 1169 in
258 1098 466 1193 sardonyche
484 1099 608 1169 ludica.
629 1098 700 1169 lllic
721 1103 810 1169 enim
832 1094 1057 1177 moinenttirn⁶
1073 1136 1160 1199 esse,
1181 1135 1194 1167 ²

102 1196 150 1273 hic
170 1204 339 1275 circulum.
362 1204 521 1275 Arabicas
544 1206 691 1301 onychas
712 1208 825 1299 nigras
846 1210 986 1281 inveniri
1014 1215 1161 1289 candidis

101 1313 194 1380 zonis.
220 1314 358 1405 Satyrus
382 1334 538 1381 carnosas
558 1336 631 1380 esse
653 1311 805 1392 Indicas,
832 1330 929 1409 parte
947 1320 1159 1405 carbunculi,

101 1432 185 1509 parte
205 1416 420 1511 chrysolithi,
434 1432 468 1486 et
487 1417 683 1511 amethysti,
702 1432 877 1513 totumque
896 1422 930 1489 id
945 1448 1048 1518 genus
1064 1428 1160 1498 abdi-

100 1522 174 1592 cat⁷.
201 1526 325 1593 Veram
360 1537 472 1593 autem
504 1522 668 1616 onychem
693 1522 853 1617 plurimas
885 1531 1056 1625 variasque
1082 1559 1160 1605 cum

100 1625 202 1699 lacteis
229 1630 323 1698 zonis
349 1626 473 1698 habere
496 1652 617 1713 venas,
645 1632 796 1697 omniurn
828 1632 863 1699 in
885 1638 1026 1705 transitu
1049 1639 1160 1710 colore

100 1733 302 1804 inenarrabili
314 1720 338 1822 ⁸,
355 1750 388 1803 et
409 1735 443 1802 in
458 1759 562 1802 unum
584 1732 744 1804 redeunte
762 1753 980 1828 concentum,
999 1747 1163 1817 suavitate

98 1855 193 1932 grata.
208 1844 280 1911 Nec
290 1840 395 1909 sarda
408 1854 526 1908 natura
539 1838 744 1909 differenda⁹
759 1857 820 1929 cst,
834 1844 975 1916 dividuae
987 1873 1028 1917 ex
1041 1850 1159 1921 eodem

98 1948 221 2016 nomine
230 1945 255 1971 ¹⁰
269 1973 278 2015 τ
293 1946 467 2039 obiterque
481 1945 669 2015 ardentium
684 1971 892 2041 gemmarum
914 1952 1099 2025 indicanda.

143 2056 251 2121 XXV.
263 2045 591 2146 (vnlprincipatum
606 2051 730 2121 habent
742 2054 1157 2146 carbunculi',asimilitu·
1179 2099 1190 2130 t

132 2244 602 2317 d.!sterserrierrtibusquuramdumocu·
645 2263 715 2298 cem.
729 2243 797 2298 Nasu
819 2246 910 2299 Indica
930 2249 1061 2321 igniculos
1079 2254 1159 2311 babet

97 2324 123 2376 lis
132 2326 229 2398 obliquis
241 2329 321 2379 uenis.
331 2326 420 2395 Lege:
437 2324 599 2393 -cingentb
644 2324 711 2377 albis
732 2324 900 2395 cingentibus
913 2330 997 2383 'zonis
1016 2348 1023 2383 :
1046 2335 1159 2393 Arabica

96 2402 140 2457 bus
165 2404 285 2458 candidis
307 2404 382 2459 zonis
405 2403 478 2456 oculi
501 2402 602 2469 modo,
644 2415 731 2456 suteus
753 2404 826 2475 nigra
845 2419 884 2459 est
901 2426 963 2461 cum
980 2409 1099 2467 candidis
1113 2434 1159 2469 ιο.

96 2480 509 2556 intervenientibusquarumdam
521 2495 548 2536 et
562 2482 601 2535 al·
643 2482 694 2536 nis.
710 2509 721 2530 ι
738 2482 829 2538 Hssn.

97 2563 133 2616 bis
153 2564 265 2631 senis;·
291 2583 350 2636 qun
370 2581 433 2616 reru
452 2575 491 2614 est
511 2562 600 2616 lectio.
685 2566 712 2618 6.
731 2565 787 2616 Illic
809 2568 870 2616 enim
891 2579 1032 2621 momentum
1054 2593 1110 2628 esse.
1124 2576 1157 2629 In

97 2644 190 2698 Auctor
209 2657 273 2698 unte
292 2643 381 2696 dixit:
404 2664 416 2685 «
429 2640 547 2696 candore
572 2641 602 2696 iu
644 2641 813 2715 sardonyche
828 2642 920 2699 ludica
933 2649 1039 2719 punctis
1056 2666 1157 2708 constat

95 2722 367 2790 ssrds,bocest,selut
377 2721 501 2774 carnibus
510 2739 599 2791 ungue
644 2721 667 2775 is
681 2722 814 2776 circulus:
829 2723 858 2777 in
875 2727 995 2796 onyche,
1010 2728 1078 2784 lines
1095 2753 1157 2806 per.

96 2800 201 2856 bominis
217 2803 360 2875 imposito,
374 2827 385 2848 ι
397 2801 514 2872 talesque
525 2799 599 2853 Indi·
643 2813 722 2872 petus
738 2814 765 2854 et
779 2804 913 2856 crassiore.
929 2807 1019 2861 Hssu.

95 2883 315 2954 rassardonychss
327 2882 409 2952 vulgo
422 2881 599 2946 existimatus,
686 2898 712 2950 7.
725 2880 843 2934 Abdicat.
858 2884 1004 2954 Improbat.
1020 2887 1111 2963 Hanc.

95 2975 117 3013 et
133 2961 236 3016 videtur
257 2963 355 3014 sentire
371 2959 538 3028 sardonychen
559 2958 602 3011 di·
685 2961 713 3012 8.
731 2961 762 3012 Iu
776 2965 878 3014 tramitis
896 2965 974 3016 colore
990 2969 1154 3024 inenarrabili.

94 3055 155 3094 cum
169 3044 242 3114 quusi
258 3041 433 3108 smcouyclrem,
442 3037 517 3110 quod
527 3037 556 3090 iu
571 3057 603 3092 eu
643 3041 676 3092 In
687 3039 800 3092 mansitu
811 3058 825 3091 n
837 3042 933 3111 quovis
946 3045 1036 3098 colore
1046 3047 1079 3099 sd
1091 3047 1168 3102 ulte-¹

95 3121 159 3173 velut
168 3123 264 3194 unguis
274 3120 398 3174 carnibus
408 3118 548 3189 impositus
558 3137 599 3172 cs·
642 3136 704 3174 rum
726 3117 757 3172 fit
783 3119 858 3172 color
881 3119 1093 3193 inexplicabilis,
1122 3147 1156 3182 ex

95 3213 143 3266 set3
152 3220 236 3270 quum
247 3219 281 3253 ex
293 3197 369 3254 surda
379 3211 406 3252 et
415 3198 520 3268 onyche
528 3217 600 3269 gem·
642 3198 781 3268 uniusque
790 3197 907 3254 confinio
921 3201 1058 3256 conflatus.
1073 3206 1107 3259 ll.

94 3297 133 3332 sus
150 3281 327 3352 compositum
346 3279 382 3331 sit
402 3275 474 3331 istud
487 3295 597 3332 nomeu.
683 3295 711 3347 9.
729 3277 783 3330 Nec
798 3277 879 3330 sardoe
897 3293 986 3334 nutura
1007 3283 1153 3352 differenda.

94 3359 172 3412 Seu.
184 3391 224 3406 -·-
235 3358 411 3428 Quarundam
422 3357 596 3410 Gemmarum
641 3356 719 3410 Prius
728 3370 815 3410 tumen
829 3357 951 3414 ardentes
961 3379 1072 3431 gemma
1085 3363 1156 3420 indi-

94 3439 228 3508 ouycbmu.
241 3439 277 3492 Η.
287 3469 324 3480 -
341 3437 427 3492 Oculis
438 3435 540 3508 obliquis
553 3455 597 3488 ue·
641 3437 772 3490 rabuntur
790 3457 796 3486 :
820 3449 880 3507 post
897 3436 931 3492 de
946 3439 1023 3495 ssrds
1040 3442 1154 3511 dicetur,

93 3520 135 3570 κίε.
147 3519 216 3572 Bene
231 3519 307 3572 Brot.
328 3535 361 3569 ex
376 3517 457 3586 chg.
471 3515 548 3568 uss.
565 3535 598 3582 a,
641 3535 699 3588 esp.
715 3515 763 3568 31.
781 3517 871 3570 Hssu.

94 3593 121 3660 3,
135 3595 213 3662 5,6:
227 3593 424 3670 uqnsrnmdesn
442 3607 467 3648 et
480 3595 598 3666 obliquis
686 3614 726 3649 so.
752 3595 866 3648 Dividam
888 3615 920 3650 er
944 3599 1024 3652 eudon
1049 3605 1152 3658 numius.

94 3676 167 3729 senis.
182 3702 194 3724 ι
211 3676 306 3730 Statim
320 3694 411 3729 mox·
426 3674 597 3740 etsrsbicuus
641 3673 709 3740 Qun
733 3693 795 3727 cum
819 3673 987 3747 sardonyche
1013 3679 1153 3738 dividuum

93 3753 182 3820 trudit,
198 3781 210 3803 ι
225 3773 326 3827 nempe
337 3759 366 3810 τὸ
377 3755 489 3826 cusum
504 3751 596 3808 delen·
638 3752 844 3815 sisedimidium
851 3773 948 3808 nomeu
958 3761 1152 3817 communicat:

93 3829 132 3885 do.
147 3837 198 3889 En,
639 3851 702 3886 naus
713 3831 789 3886 sarda
807 3851 838 3887 es
853 3835 1015 3906 appellatur.
1026 3831 1118 3896 Hm».

129 3915 153 3965 5.
163 3915 274 3968 Sotucsss.
284 3913 401 3967 Isidorus
411 3931 532 3984 quoque,
543 3913 595 3966 loc.
680 3913 768 3964 XXV.
785 3931 809 3965 r.
824 3913 990 3984 Prince'putum
1000 3917 1087 3970 labem
1098 3941 1152 3974 sur·

94 3991 135 4043 cit.
155 3991 188 4047 de
207 3993 332 4066 onyche:
357 3991 453 4046 «Hunc
475 3989 553 4045 ludis
570 4005 598 4045 et
640 3991 1153 4067 lamuhcarbunculusnostrisdiotus,

94 4069 180 4126 Arabia
189 4073 280 4146 gignit
294 4071 414 4127 :distant
427 4083 515 4126 autern
528 4071 597 4126 iusi·
642 4071 844 4126 latudinllsor.
