2950 5000
1096 238 1103 269 l

340 431 410 514 dtu
615 431 654 499 C.
681 430 847 500 PLINlI
875 432 979 512 titt.
1006 431 1135 500 HIST.

341 577 453 632 terra:
472 560 570 632 limus
586 587 604 631 e
621 564 743 634 Judaeae
761 563 851 650 lacu,
868 579 908 634 ut
920 563 1090 646 diximus²,
1106 588 1288 658 emergens:
1305 579 1378 631 terra

339 669 375 737 in
393 670 486 762 Syria
504 669 592 738 circu
610 669 766 739 Sidonem
785 656 963 765 oppidum³
986 673 1195 740 maritimum.
1213 672 1379 764 Spissnntnr

274 813 283 834 ι
339 773 411 842 lraec
432 788 592 868 utraque,
612 777 694 843 etin
713 775 909 846 densitatem
924 791 1055 845 coeunt.
1075 780 1135 844 Est
1154 801 1228 844 vero
1241 774 1378 868 liquidum

341 879 509 960 bitumen,
538 880 623 948 sicut
643 881 858 974 Zacynthium
869 869 893 967 ⁴,
922 896 956 950 et
977 880 1067 974 qnod
1088 904 1107 948 e
1129 881 1288 975 Babylone
1306 883 1380 948 inre·

315 985 442 1054 rhitur.
470 985 521 1053 lbi
541 985 673 1079 quidem
696 1001 731 1055 et
751 973 949 1057 condidnm⁵
972 989 1127 1082 gignitur.
1156 985 1323 1080 Liquidum
1342 999 1382 1052 est

341 1104 375 1159 et
396 1089 694 1185 Apolloniaticum:
711 1115 785 1186 quae
802 1095 916 1163 omniu
935 1095 1045 1162 Graeci
1066 1076 1315 1186 pissaspltalton⁶
1334 1115 1380 1182 np-

308 1234 322 1267 ι
342 1195 467 1288 pellunt
480 1221 522 1266 ex
543 1212 740 1290 argumento
761 1200 843 1291 picis
864 1213 898 1268 et
912 1197 1117 1268 'bituminis⁷.
1136 1199 1288 1291 Gignitor
1303 1197 1383 1264 etinn

342 1303 482 1396 pingue,
501 1300 702 1396 liquorisque
724 1290 880 1392 oleacei⁸,
903 1306 937 1372 in
953 1302 1062 1372 Sicilia
1074 1305 1295 1399 Agragantino
1311 1301 1384 1370 lonte

343 1543 376 1608 3⁰
395 1555 540 1627 Asplraltos
561 1551 694 1627 (asphalto,
716 1559 804 1611 bitume
825 1559 857 1611 da
898 1556 1232 1627 Dioscoridi,lib.1,cap.
1247 1555 1386 1608 wollino.

341 1632 428 1697 ludet)
447 1634 531 1688 aulide
545 1647 597 1702 eat,
612 1637 728 1708 fragilis,
742 1637 856 1692 olneure
938 1656 965 1708 7.
983 1639 1026 1689 Ex
1043 1648 1186 1706 argumente
1201 1640 1261 1705 picis
1272 1647 1297 1685 et
1308 1634 1387 1685 &tai-

341 1715 401 1768 tula
423 1714 466 1768 vel
489 1714 579 1783 nigra,
610 1715 766 1786 splendens,
795 1718 857 1790 igne
898 1722 942 1768 nis.
964 1714 1048 1781 Quod
1065 1717 1174 1768 ιιιὶιιιιιι
1187 1714 1386 1783 bituminipiueta

343 1793 506 1864 liquescens,
519 1807 569 1848 etc.
591 1796 679 1866 Super
698 1815 770 1850 mure
783 1815 857 1850 mor·
897 1795 1008 1849 redolet.
1037 1797 1152 1848 Minium
1184 1813 1246 1847 reru
1272 1793 1387 1860 utriurqnt

339 1884 432 1936 tuum,
445 1871 519 1944 quod
530 1892 561 1926 ex
571 1875 682 1928 eulaeus
697 1876 857 1946 Asphaltites
898 1874 1210 1944 odoremiutellige,uou
1219 1865 1387 1925 naturum&

344 1942 412 2020 (tier
425 1965 510 2012 morte,
530 1953 569 2004 lue
580 1952 740 2025 utpltnltique)
755 1953 857 2008 dictum
897 1967 923 2007 et
936 1951 1030 2008 eadem
1045 1952 1242 2024 pissalpbaltoa,
1253 1969 1310 2023 quat
1319 1950 1358 2020 pix
1367 1961 1388 1999 tt

343 2045 397 2097 est,
411 2033 547 2102 colligitur
565 2052 573 2084 r
590 2052 653 2086 vero
667 2034 755 2086 simile
771 2046 811 2086 eet
824 2053 856 2086 ex
897 2035 1036 2096 bitumen,
1047 2034 1068 2084 si
1079 2033 1160 2085 ambo
1173 2031 1389 2098 heetoennrpe

342 2111 422 2182 bujua
436 2111 508 2164 lacus
525 2111 611 2166 fundo
630 2113 766 2183 ingentem
786 2115 859 2166 bitu·
900 2114 996 2177 mixta,
1010 2112 1109 2182 pollet,
1122 2123 1190 2164 teste
1204 2111 1289 2164 Dione.
1300 2111 1328 2169 l,
1338 2125 1387 2160 ror.

343 2190 421 2242 mirsia
433 2189 513 2258 hujus
521 2191 624 2260 copiam
636 2193 775 2257 scaturire,
783 2191 857 2263 quod
899 2191 989 2264 llnp.

343 2281 454 2340 propter
478 2270 630 2338 npeciflcum
653 2270 760 2342 pondus
781 2273 859 2342 aquis
940 2272 968 2324 8.
984 2269 1104 2338 Gignitur
1120 2282 1144 2321 et
1162 2272 1255 2339 pingue
1268 2269 1390 2338 liqmtdpt

343 2349 454 2401 ἰιιιιιιιιι.
469 2348 559 2401 Primo
575 2349 701 2421 quidem,
720 2364 749 2404 ut
762 2363 858 2404 caetere
898 2350 988 2402 okaeei
1008 2344 1059 2415 (sie
1083 2346 1182 2419 priua).
1207 2349 1252 2402 Sic
1274 2365 1331 2400 saue
1347 2351 1389 2408 itu

342 2426 504 2482 bituminum
517 2447 630 2500 genera,
644 2429 725 2484 molle
736 2443 789 2495 eat,
801 2431 857 2484 len·
898 2427 1027 2481 Andreas.
1050 2428 1166 2481 Pintiani
1191 2427 1279 2480 liber:
1294 2449 1305 2469 ι
1318 2439 1341 2477 et
1351 2427 1390 2475 in·

343 2520 416 2571 tum,
431 2519 457 2560 et
471 2506 537 2560 odeo
555 2526 652 2579 sequax
672 2510 763 2562 utrix
778 2512 856 2564 auelli
897 2510 997 2580 pingue
1014 2506 1123 2579 dicique
1138 2509 1251 2580 liquoris
1262 2505 1387 2560 olorda

344 2598 439 2659 quem
461 2585 506 2639 sed
532 2606 580 2655 per
599 2600 702 2659 tempus
721 2590 857 2659 spissatur,
898 2585 1174 2657 undeillelegendum
1186 2585 1391 2655 retum-pingat

343 2666 427 2737 litque
440 2665 519 2719 etiarn
526 2668 585 2737 pice
593 2667 660 2721 sicce
671 2666 776 2721 durius.
788 2669 858 2723 ttut·
897 2667 1009 2739 viceque
1019 2666 1147 2737 liquoris;
1160 2692 1173 2712 ·
1190 2679 1221 2719 nt
1230 2666 1317 2737 puullo
1325 2674 1389 2734 pout:

343 2757 383 2799 tue
403 2746 503 2815 species
520 2746 584 2799 ulier
598 2759 643 2799 rut
660 2747 799 2800 varietates
812 2748 857 2802 bie
902 2770 914 2792 ι
926 2742 1390 2816 utunturqueeondlueemarunla·

344 2838 457 2878 tractare
469 2837 538 2879 vetut
553 2826 637 2879 nostri
650 2825 765 2879 instituti
779 2826 857 2881 ratio.
899 2826 972 2878 ruina
990 2826 1050 2879 viee
1063 2825 1126 2878 olei.
1146 2850 1158 2871 ·
1175 2824 1231 2877 Sed
1249 2843 1302 2896 qno
1315 2822 1392 2873 illetr·

345 2904 425 2957 Cotti.
443 2899 478 2957 de
500 2904 615 2958 succinit
635 2906 682 2957 lib.
707 2905 858 2969 XXXVH,
898 2918 1024 2975 gumento
1036 2905 1220 2974 conjecturam
1232 2921 1304 2957 suam
1316 2899 1392 2953 ocub-

344 2999 403 3053 cap.
417 3004 442 3035 u.
456 2983 506 3035 Eo.
899 2996 965 3046 mut,
975 2983 1004 3036 id
1016 3002 1065 3053 ego
1075 2983 1113 3035 illi
1124 2984 1243 3037 manime
1253 2979 1390 3035 monant-

386 3080 412 3115 ι.
439 3062 474 3114 tlt
494 3063 607 3116 diuinus.
627 3064 687 3117 Lib.
706 3082 803 3136 nempe
819 3065 857 3133 V,
898 3060 1167 3133 putoSalmasiusud
1177 3058 1392 3131 Solimpugmfit

344 3141 564 3211 aap.15.Haan.
899 3160 931 3195 err
949 3142 1020 3194 libro
1031 3141 1117 3194 reteri
1131 3140 1233 3194 affert:
1249 3170 1261 3189 ·
1277 3139 1391 3209 etpingat
1425 3197 1426 3210 q

385 3218 412 3273 3.
431 3221 503 3273 Citra
516 3218 628 3273 Sidonem
648 3222 768 3292 oppidum.
790 3222 860 3275 Dio·
898 3219 1006 3291 dieique
1021 3220 1134 3291 liquoris
1148 3221 1176 3271 in
1190 3221 1321 3283 Siciliae·
1333 3214 1391 3287 jubet

344 3318 412 3353 acor.
426 3300 457 3363 1,
471 3318 518 3369 99.
532 3302 623 3353 Ηιιιι.
899 3313 987 3352 autem
1009 3299 1112 3351 scribi:
1132 3324 1146 3345 ι
1160 3299 1291 3369 Gignitur
1310 3310 1333 3348 et
1347 3294 1392 3364 pit·

387 3384 413 3442 i.
423 3380 595 3450 Zacynthium.
604 3379 796 3449 Zacynthium,
810 3380 859 3432 Ba·
898 3378 1020 3449 guedinei
1037 3396 1145 3448 quoque
1157 3378 1275 3449 liquoris
1288 3377 1313 3429 iu
1324 3372 1391 3427 Sicilia

343 3458 553 3529 bylouiumque,
584 3470 611 3511 et
630 3458 857 3528 Apolloniaticum
898 3455 1389 3529 Agragantiuoiouteiulieientrirum·

345 3538 465 3591 bitumen
484 3534 594 3590 laudent
615 3538 715 3607 pariter
734 3538 856 3591 Dioscor.
899 3537 975 3590 Hauc
994 3554 1060 3589 vero
1081 3553 1176 3588 rocem
1199 3554 1289 3606 neque
1312 3527 1392 3584 AM

344 3616 396 3669 loc.
409 3616 454 3669 cit.
466 3629 493 3669 et
504 3616 700 3678 vinanvm,
713 3618 778 3686 3,p.
791 3618 857 3687 159·
899 3616 977 3669 nauci
992 3634 1042 3669 nec
1057 3614 1145 3667 Plauti
1156 3615 1234 3667 circo
1250 3623 1391 3686 permutant·

386 3695 413 3749 5.
430 3695 469 3749 itt
484 3696 577 3768 quiden
596 3708 622 3747 et
638 3696 776 3748 canditum.
796 3696 857 3749 Hoe
899 3696 960 3747 rim.
978 3695 1100 3747 Primum
1118 3695 1210 3745 nousi
1226 3714 1244 3747 ιι
1259 3702 1291 3764 τῷ
1303 3688 1390 3758 δφῦ,

344 3775 476 3844 optimum
489 3775 692 3843 οει,1οιιφ1ιιΙισ
703 3774 792 3837 diune,-
801 3794 857 3828 nou
898 3786 1039 3846 postquam
1061 3772 1089 3825 id
1104 3790 1189 3843 geum
1202 3772 1313 3826 mutarit
1325 3780 1346 3821 et
1355 3784 1392 3818 nu·

341 3850 481 3925 'Babylone
492 3866 593 3907 tuntum
608 3854 752 3924 reperitur,
768 3853 815 3907 aed
828 3867 857 3907 et
901 3872 961 3906 men
972 3851 1111 3924 proprium
1125 3852 1227 3904 facturn
1238 3892 1247 3917 ,
1257 3850 1346 3903 dicitur
1354 3844 1391 3897 Ca·

343 3932 372 3985 in
389 3952 452 4003 agro
468 3933 627 3991 Mutinensi,
648 3932 760 3985 Modine.
774 3934 855 3987 Cotti.
897 3932 1253 4003 pidinenqnecaidpuleius
1261 3921 1392 3982 turisendo

344 4024 402 4065 not.
423 4032 447 4065 ι.
463 4011 514 4063 Ειι.
900 4025 929 4065 et
941 4012 1085 4075 liredinens,
1100 4008 1173 4063 idem
1188 4025 1217 4064 et
1231 4010 1337 4063 Plinium
1347 4008 1390 4074 pit·

386 4094 410 4143 6.
432 4092 634 4158 'Pisruspltultum
663 4084 857 4161 Πιττάσφιλτις
899 4090 1060 4161 podiwa
1079 4090 1206 4159 pinguedo
1218 4089 1310 4143 dixisse
1324 4078 1390 4136 αὖ
