2950 5000
424 436 578 514 ranas
604 396 836 506 arruns
1083 434 1156 532 619

93 552 169 636 nus⁸
187 568 258 660 ejus
284 566 430 653 faciunt,
451 592 687 663 sangenonque
712 569 755 637 ab
777 569 868 637 Indis
894 570 1005 638 vocari
1028 569 1162 639 dicunt..

93 670 295 741 Traduntur⁹
312 673 404 743 nasci
420 676 500 743 etin
518 678 681 771 AEgypto,
700 690 734 743 et
755 676 788 743 in
806 674 946 760 Arabia,
963 690 997 743 et
1011 675 1156 745 vilissimi

31 828 43 845 .
92 780 124 847 in
143 781 258 847 Ponto.
280 781 365 847 Item
388 780 421 847 in
438 779 587 866 Galatia,
602 806 642 850 ac
664 781 794 865 Thaso,
816 796 850 849 et
873 784 998 875 Cypro.
1023 782 1157 875 Quippe

92 884 172 979 opali
189 887 330 978 gratiam
350 884 476 955 habet:
496 887 554 955 sed
573 884 705 956 mollius
723 890 824 973 nitet,
847 912 923 956 raro
941 911 1007 954 non
1032 887 1156 955 scaber.

92 992 221 1059 Summa
238 989 359 1059 coloris
371 1014 412 1058 ex
427 1016 502 1061 aere
516 1008 549 1061 et
561 991 736 1089 purpura·
749 1006 901 1062 constat:
918 992 1064 1061 viriditas
1079 1016 1159 1061 sma-

92 1096 180 1190 ragdi
194 1094 307 1180 deest3
332 1112 527 1191 constatque
544 1098 662 1167 melior
675 1098 747 1183 ille,
770 1106 865 1192 cujus
884 1096 994 1194 fulgor
1012 1099 1079 1167 vini
1098 1124 1158 1167 co-

91 1200 158 1270 lore
179 1201 339 1284 fuscatur,
361 1226 461 1295 quam
479 1205 535 1299 qui
557 1203 695 1272 diluitur
715 1228 811 1297 aqua.

140 1310 476 1385 nominetenus
503 1309 547 1378 de
570 1310 758 1403 principatu
783 1310 956 1389 convenit,
980 1308 1156 1379 mulierum
1182 1307 1191 1373 ἰ

92 1415 231 1482 maxime
246 1414 545 1486 senatusconsulto.
566 1417 679 1485 Minus
697 1430 788 1485 certa
808 1404 904 1502 siant,
925 1414 1107 1510 dequibus
1127 1430 1161 1485 et

92 1521 152 1587 viri
159 1519 321 1611 judicant.
343 1520 557 1615 Singulorum
574 1524 661 1590 enim
680 1519 782 1590 libido
797 1520 935 1616 singulis
950 1523 1056 1616 pretia
1071 1521 1162 1611 facit,

91 1638 124 1693 et
137 1626 302 1720 praecipue
322 1650 450 1720 regum.
469 1626 627 1696 Claudius
646 1630 760 1697 Caesar
774 1626 967 1721 smaragdos
985 1626 1158 1715 induebat,

96 1745 129 1799 et
150 1729 382 1849 sardonychas.
407 1733 540 1803 Primus
564 1748 675 1802 autem
701 1736 930 1834 Romanorum
955 1732 1163 1827 sardonyche

91 1860 168 1905 usus
181 1852 234 1905 est
250 1839 344 1930 prior
361 1836 569 1919 Africannsss
591 1854 628 1908 ut
645 1840 678 1907 in
696 1839 833 1908 historia
854 1836 955 1907 tradit
970 1842 1162 1907 Demostra-

92 1956 159 2027 tus,
174 1956 207 2010 et
219 1942 485 2015 indeRomanis²
497 1945 584 2014 hanc
601 1970 766 2040 gemmam
782 1944 882 2013 fuisse
896 1942 1157 2013 celeberrimam.

91 2048 315 2137 Quamobrem
340 2052 527 2180 proximum
547 2052 578 2119 ei
603 2051 756 2121 dabimus
779 2049 899 2119 locum.
925 2050 1161 2144 Sardonychas

91 2152 185 2239 olim,
195 2168 288 2222 uter
303 2141 458 2223 nomine³
476 2182 549 2251 ipso
560 2171 714 2251 apparet,
733 2155 1000 2250 intelligebantur
1016 2156 1164 2226 candore

130 2330 159 2381 8.
187 2327 315 2379 Privatam
347 2346 432 2398 geram
461 2329 530 2383 Sunt
554 2328 601 2399 qui
645 2327 937 2399 donychatamanus.·
926 2328 1072 2381 ..tuntum
1088 2330 1160 2381 enirn

90 2405 531 2479 prnderntaselintessegemmam
542 2425 603 2479 pro·
645 2410 771 2480 gerebant
793 2408 894 2480 equites
912 2409 1030 2473 romani,
1046 2426 1075 2460 ae
1089 2426 1166 2461 sena-

92 2486 265 2560 priigsneris,
275 2501 302 2542 et
311 2487 348 2540 ob
359 2488 439 2558 opalo
451 2486 601 2543 diver-aidi.
645 2501 725 2554 tores,
739 2507 799 2542 curn
816 2507 919 2560 gemma
932 2484 1114 2560 sardonyche,
1128 2507 1161 2542 eo

130 2587 157 2638 9.
176 2567 326 2620 Traduntur.
348 2569 453 2622 Broter.
474 2586 505 2622 ex
526 2569 602 2623 MSS.
647 2568 759 2621 inclusa.
776 2567 867 2621 Hann.

91 2647 155 2718 λος.
174 2646 209 2711 5,
222 2647 324 2700 tradent
338 2652 414 2701 wat
428 2649 495 2701 Mox
512 2666 545 2701 ex
558 2666 605 2700 eo·
689 2647 716 2701 3.
729 2647 895 2720 Sardonyclm
911 2648 983 2714 olim,
1001 2659 1029 2700 ut
1042 2669 1073 2700 ea
1085 2651 1163 2700 nomi·

92 2723 167 2792 dem,
177 2727 336 2792 vilissimam
350 2746 405 2779 non
415 2729 536 2781 vilissimi.
548 2729 601 2780 En.
647 2745 691 2787 ae.
711 2741 761 2781 etc.
777 2726 958 2798 sardonychis
975 2745 1073 2780 nornen
1088 2745 1163 2778 com·

134 2825 178 2858 ro.
186 2807 290 2858 Exsere
298 2807 562 2876 etpurpura.SicIleg.
575 2825 602 2870 a,
647 2807 764 2876 positum
779 2825 811 2858 ex
822 2805 914 2872 Sarda,
925 2825 984 2878 qnae
995 2806 1095 2860 Graecis
1103 2807 1164 2876 aas·

92 2897 120 2938 et
131 2885 210 2938 ceth.
226 2886 381 2956 3,aliique.
391 2885 464 2939 Editi
476 2887 603 2939 hactenus
646 2881 700 2938 tm
716 2897 743 2938 et
756 2887 809 2948 ὅιιιξ
825 2903 884 2956 qne
900 2903 1016 2955 ariagnem
1034 2885 1164 2956 significat

91 2965 365 3028 libri,rnendose,eae
379 2966 603 3018 ceml’lininsin·
646 2977 673 3018 et
693 2983 822 3034 gemmam
850 2965 945 3033 unguis
968 2965 1075 3024 colores
1099 2983 1163 3035 ergo

93 3044 185 3106 ferias,
195 3063 218 3096 c.
234 3047 286 3106 6⁶²
299 3043 425 3098 -Coennt
435 3046 507 3096 intus
517 3058 603 3098 trans·
646 3043 779 3113 sardonyx
802 3045 836 3096 ita
860 3044 924 3095 olim
951 3044 1163 3114 intelligebatur,

93 3123 211 3176 lucidam
221 3123 384 3194 crystallum,
392 3121 542 3176 viridissno
553 3143 608 3176 mo·
650 3124 724 3176 velut
748 3123 843 3192 unguis
869 3123 993 3175 carnibus
1024 3123 1163 3193 impositus

95 3201 131 3256 (lo
144 3221 208 3266 aer,
220 3203 353 3273 simulque
364 3221 495 3274 purpura,
508 3216 534 3255 et
545 3204 607 3274 qui·
651 3214 727 3255 esset.
739 3201 879 3273 Sequentia
893 3202 930 3254 sic
944 3203 1021 3272 lege:
1041 3226 1052 3248 ι
1063 3200 1163 3254 Radice

93 3281 186 3335 dans...
197 3282 273 3334 croci
287 3282 369 3334 nitor.
384 3307 395 3328 ι
411 3283 501 3335 Hann.
651 3282 727 3352 nigra
748 3293 793 3334 aut
818 3281 960 3333 ceruleum
981 3280 1119 3333 imitante:
1137 3293 1164 3334 et

133 3362 240 3413 xxm.
258 3379 282 3413 ι.
298 3360 373 3412 Prior
386 3362 529 3429 Africanus.
548 3362 607 3414 Sci·
651 3379 741 3432 ungue
763 3361 876 3412 minium
897 3361 1028 3413 incretum
1047 3357 1164 3412 candido

93 3442 141 3512 pio
153 3439 297 3492 Africanus
310 3440 398 3509 prior,
410 3441 456 3511 qui
472 3440 543 3492 bello
555 3460 606 3512 pu·
651 3440 761 3511 pingui,
772 3458 822 3492 nec
836 3440 892 3492 sine
908 3437 1021 3511 quadam
1039 3457 1085 3510 spe
1099 3457 1165 3508 pur·

94 3521 155 3573 nico
165 3518 293 3583 mando,
302 3531 333 3571 nt
344 3520 378 3572 ab
390 3519 465 3573 ltalia
472 3528 609 3573 revocaret
650 3538 725 3591 pura
736 3521 765 3572 in
779 3519 891 3571 minium
906 3531 1086 3582 transeunte„
1100 3517 1165 3571 dicit

94 3597 288 3662 Hannibalem,
303 3600 491 3668 transportavit
507 3599 607 3651 bellum
652 3599 780 3651 Arabicas
799 3596 969 3651 sardonichus
991 3598 1095 3650 nullum
1123 3598 1169 3650 ha-

95 3679 123 3730 in
139 3677 274 3740 Africam,
291 3677 439 3749 Poenosqne
454 3677 608 3732 debellavit.
652 3679 716 3730 bere
728 3675 812 3730 sardae
832 3678 986 3748 vestigium,
1000 3691 1029 3730 ut
1046 3675 1167 3740 Indicas,
1230 3681 1235 3688 “

95 3756 187 3810 nnn.
653 3755 699 3809 sed
715 3757 773 3810 aliis
785 3757 920 3809 coloribus
936 3757 1057 3825 intelligi.
1076 3755 1166 3809 Sarra.

138 3857 164 3890 a.
175 3835 411 3888 Erindellomam‘s.
424 3837 485 3890 Huc
494 3835 611 3907 pertinet
654 3863 690 3878 -
705 3835 878 3908 Sardonychas.
899 3835 962 3888 Ilaec
979 3834 1090 3887 totidem
1111 3835 1170 3888 lere

95 3915 163 3980 illud
179 3915 322 3980 Martialis,
333 3916 382 3967 lib.
392 3916 430 3980 II,
443 3917 535 3986 Epigr.
553 3918 607 3970 28:
653 3915 742 3967 serbis
756 3913 891 3979 Isidorus,
906 3916 953 3967 lib.
963 3915 1046 3976 XVI,
1060 3933 1118 3985 cap.
1133 3917 1169 3978 ὃς

100 3992 375 4060 ιῐὶιιῑψίἆωίΙΙιιιιι
387 3995 608 4066 subselliaprima
652 3993 829 4058 Marhodeus,
850 3995 895 4046 lib.
920 3992 953 4046 de
976 3992 1072 4064 Lepid.
1098 4007 1168 4063 pret.
1275 4001 1281 4012 ”

97 4087 244 4138 tenentem,
254 4075 340 4142 Cujus
356 4089 382 4127 et
394 4075 458 4127 binc
471 4075 543 4127 louet
555 4093 609 4127 aar·
653 4091 716 4144 cap„
740 4077 796 4128 56:
820 4100 831 4120 ι
848 4073 1044 4144 sardonychem
1069 4073 1170 4126 biciunt
