2950 5000
449 467 601 535 arnan
626 465 784 534 xxxv.
1076 451 1146 552 395

107 599 221 692 gnitate,
237 599 263 666 si
279 600 352 692 quis
369 598 499 691 singula
519 599 659 667 aestimet
681 619 690 666 t
712 599 813 668 etium
836 610 874 665 ut
890 597 1087 664 omittantur
1112 593 1147 658 in

106 701 231 798 irugum,
252 705 342 790 vini,
361 728 560 798 pomorum,
582 704 781 785 herbarum,
799 702 975 783 fruticum,
996 697 1144 768 medica·

104 823 289 894 mentorum,
311 808 519 880 metallorum
545 809 740 906 generibus,
771 807 932 878 beneficia
957 807 1048 900 ejus,
1071 827 1145 898 quae

103 912 193 984 adbuc
204 903 363 984 diximus⁴
379 941 386 983 :
405 914 457 984 vel
477 915 667 984 assiduitate
685 918 808 984 satiant
825 913 1012 1010 figlinarum
1027 934 1145 1005 opera,

103 1007 196 1088 doliis⁵
214 1020 254 1089 ad
273 1023 349 1090 vina
360 1023 569 1116 excogitatis,
587 1021 630 1090 ad
649 1043 752 1116 aquas
770 1005 924 1103 tubulis⁶,
940 1017 982 1087 ad
1001 1015 1147 1086 balineas

102 1129 265 1196 mammetis
273 1127 297 1212 ⁷,
316 1127 359 1196 ad
380 1113 489 1196 tecta⁸
513 1127 686 1197 coctilibus
706 1124 875 1197 laterculis
893 1120 1146 1218 frontatisque⁹z

100 1328 186 1369 rantur.
199 1343 209 1364 ι
223 1317 325 1372 Glossu
340 1340 347 1370 :
365 1317 513 1388 Simpulum,
527 1319 587 1372 ada·
631 1319 711 1373 doliis.
726 1318 854 1371 imbrices
865 1329 927 1370 sunt
938 1317 1042 1370 munies
1051 1315 1147 1370 fictiles
1162 1308 1167 1316 ⁴

98 1399 137 1453 itt-
156 1396 184 1448 ln
203 1397 278 1450 Notis
297 1417 357 1470 quas
380 1397 460 1468 vulgo
479 1399 588 1452 Tironis
630 1397 750 1464 arcuati,
766 1416 882 1470 qnorum
897 1395 984 1450 adbuc
997 1397 1067 1467 viget
1084 1415 1148 1450 usus

99 1469 212 1540 dicuntur,
230 1495 290 1548 pag.
308 1487 375 1543 tat,
392 1474 524 1529 Simiulum
535 1496 588 1548 pro
631 1479 659 1530 in
672 1471 820 1530 sentietis.

98 1553 209 1622 &palm
220 1556 343 1609 Juvenal.
353 1556 405 1610 Sat.
414 1557 466 1618 VI,
477 1575 502 1609 v.
514 1557 584 1621 340:
671 1561 698 1610 6.
711 1555 758 1609 Ad
765 1575 842 1624 aquas
850 1554 1068 1607 salutu'rubutis
1079 1553 1147 1607 licti-

100 1653 109 1676 ι
121 1633 166 1685 Art
179 1635 236 1706 quis
249 1635 410 1706 Simpulluna
427 1635 516 1688 ridere
529 1637 587 1689 Nu·
629 1635 700 1689 libus
713 1633 884 1708 aqueductus
896 1635 1062 1687 constabant.
1077 1632 1148 1686 Vide

98 1712 306 1786 &nigrumque
319 1715 454 1767 catinum:
468 1716 523 1767 Aut
534 1715 587 1768 Vn·
630 1715 676 1767 lib.
693 1715 801 1779 xxxi,
816 1716 861 1768 31.
876 1714 967 1766 Haan.

96 1788 166 1843 tiano
184 1793 288 1864 fragiles
309 1792 343 1846 de
366 1805 457 1847 monte
478 1795 587 1864 patellas
670 1813 698 1864 7.
715 1794 764 1847 Aa
778 1794 883 1846 balim
900 1797 1044 1845 mammatis.
1059 1788 1147 1846 blans-

96 1867 267 1925 tarnem?-
283 1871 477 1928 Prudentiusin
485 1873 587 1943 hymno
630 1887 700 1926 mata
734 1873 842 1937 fictilia,
866 1873 946 1926 tubos
977 1872 1147 1943 interpretor,

95 1946 116 2000 S.
126 1948 437 2016 Laurentii,v.5rd,id
451 1953 584 2005 imitatus:
630 1953 659 2005 iu
683 1971 805 2006 mammae
832 1953 947 2022 speciem
973 1950 1147 2013 rotundatos,

96 2026 239 2102 =Qudquid
246 2032 384 2097 Quiritum
394 2029 587 2084 sueremtOra·
630 2049 680 2102 per
690 2050 758 2104 quos
771 2044 797 2084 et
808 2031 973 2102 lrypocausto
989 2030 1017 2081 in
1030 2030 1147 2082 balineas

93 2122 116 2158 re
132 2107 278 2178 simpullurri
297 2111 403 2165 Numae.
424 2135 435 2157 ι
458 2112 526 2164 Sunt
540 2111 587 2182 qui
630 2112 703 2164 calor
717 2122 899 2164 transmearet.
914 2110 955 2161 De
973 2109 1016 2160 bis
1032 2109 1147 2172 Seneoe,

92 2187 214 2259 utrobique
226 2193 369 2260 srbrpuu'roa
391 2191 488 2260 legant.
512 2190 546 2244 li.
630 2207 673 2261 ep.
693 2209 727 2259 91
742 2209 749 2243 :
762 2188 916 2255 «Quaedam
931 2200 1020 2241 nostra
1037 2187 1148 2242 demum

124 2272 146 2328 l.
161 2269 312 2337 (luvadina
321 2261 434 2323 driimru.
446 2270 513 2335 Quas
524 2271 587 2322 luc·
630 2267 760 2341 prodiisse
777 2268 907 2321 memoria
923 2269 1040 2321 scimus:
1054 2283 1148 2340 specu-

91 2353 153 2397 tenus
170 2347 287 2402 diximus
306 2349 382 2402 libris
396 2349 586 2420 superioribus.
630 2348 758 2402 lariorum
777 2366 875 2410 usum,
896 2348 1049 2418 perlucente
1066 2359 1147 2409 testa,

90 2420 166 2477 datu.
630 2429 731 2483 clarum
741 2428 981 2481 transmittentium
994 2427 1085 2479 lumen
1097 2445 1104 2479 :
1117 2438 1150 2480 ut

121 2503 144 2557 5.
158 2504 242 2559 Deliis.
264 2506 343 2581 Delia
360 2507 426 2561 ‘rino
446 2506 587 2562 condendo
628 2508 999 2579 suspensurasbalneorum,et
1006 2508 1148 2577 impressos

89 2580 164 2637 flatilia
178 2600 268 2652 eram,
285 2597 311 2639 et
322 2586 479 2657 plerumque
491 2588 588 2657 picata,
629 2588 777 2659 parietibus
791 2587 889 2652 tubos,
901 2606 951 2657 per
959 2604 1026 2659 quos
1034 2586 1148 2639 circnm-

89 2672 112 2713 tt
128 2660 221 2719 dictum
242 2678 285 2719 est
314 2666 362 2717 lib.
389 2664 465 2719 XIV.
484 2666 586 2719 Locum
629 2665 947 2738 fundereturcalor;,qui
961 2667 1014 2717 ima
1029 2666 1147 2719 simulet

49 2768 50 2779 ¹
87 2738 146 2795 bunc
165 2762 215 2815 ope
235 2748 305 2814 Reg.
324 2744 424 2798 codicis
447 2764 461 2797 a
491 2747 527 2799 ita
544 2764 587 2799 re·
629 2764 731 2799 summa
744 2748 845 2799 foveret
857 2746 1004 2817 aequaliter.
1018 2771 1029 2791 ι
1043 2746 1148 2798 liorum

87 2818 209 2888 husim,
228 2823 301 2878 nihil
323 2824 396 2877 illius
423 2824 588 2895 integerrimi
629 2827 756 2879 tuborum
769 2824 879 2896 vestigia
891 2822 980 2877 adbuc
994 2832 1074 2894 quam
1087 2824 1148 2895 plu·

86 2902 225 2972 amunia
233 2902 370 2973 scriptura
377 2902 542 2974 discrepante
552 2903 586 2957 ab
629 2906 697 2959 rima
709 2904 829 2976 conspici
842 2904 870 2955 in
884 2904 1043 2957 Diocletiani
1055 2915 1081 2956 et
1094 2904 1149 2957 Ca·

85 2992 108 3029 ta
124 2997 198 3051 quam
213 2994 437 3053 representamus
454 3000 461 3035 :
480 2994 588 3054 praster-
628 2984 732 3038 racallro
744 2983 901 3057 gymnasiis,
918 2994 1067 3035 auctorest
1085 2982 1148 3035 Hie-

84 3072 151 3127 quaru
176 3060 250 3133 quod
277 3061 504 3133 fundamentisque.
535 3080 587 3133 pro
629 3082 689 3117 ron.
708 3070 828 3116 Mereor.
848 3076 897 3117 art,
918 3061 1022 3133 Gymn.
1043 3062 1072 3126 Ι,
1096 3080 1147 3126 ro,

79 3134 228 3213 samumque
262 3142 383 3211 praefert.
416 3140 490 3194 libri
522 3158 587 3195 vero
628 3160 690 3214 pag.
707 3160 754 3213 ²7·
771 3143 1099 3205 liisamamsnanomen,
1114 3153 1147 3194 nt

80 3213 194 3273 hactenus
207 3218 276 3273 editi
293 3217 480 3291 susquedeque
496 3222 587 3274 omnia
629 3223 745 3275 alronte
755 3221 987 3293 subsequentibus.
1002 3222 1093 3274 Haau.

82 3308 188 3361 tutent,
208 3298 392 3370 interpolant,
415 3317 446 3352 ac
467 3318 588 3371 pessum·
671 3302 697 3356 8.
712 3298 1045 3354 Arsacalitanum
1059 3300 1146 3372 parie-

83 3370 152 3440 dam,
172 3378 224 3431 boe
247 3379 354 3433 scilicet
375 3376 459 3433 modo
481 3398 488 3431 r
510 3400 521 3422 ι
534 3378 587 3432 vet
630 3392 676 3433 tes.
691 3380 782 3434 llaan.

80 3470 129 3521 (με
147 3456 299 3512 assiduitate
322 3458 418 3511 satimt
429 3457 588 3529 figlinarum
668 3478 695 3529 ς.
711 3460 891 3530 Frontatisque.
903 3459 1037 3522 Parietes,
1048 3457 1145 3529 inquit,

80 3548 149 3600 opera
164 3536 339 3601 imbricibus,
356 3538 457 3591 tubulis
476 3538 583 3608 tegulis·
627 3539 781 3614 alateribns
790 3538 873 3592 liunt:
886 3551 913 3591 et
920 3538 1073 3591 minoribus
1083 3537 1144 3609 qui·

80 3627 124 3681 qut
142 3614 174 3669 ad
194 3616 318 3670 balineas
339 3616 464 3681 bamaria,
485 3616 528 3669 v'el
548 3616 582 3671 ad
628 3617 707 3683 dem,
730 3636 800 3690 qnos
817 3619 959 3672 laterculos
981 3630 1094 3671 rorant:
1122 3629 1149 3671 et

80 3701 135 3744 tecta
146 3697 290 3749 coctilibus
302 3696 436 3749 laterculis
448 3692 594 3750 frontatis·'
628 3698 789 3769 majoribus,
806 3700 852 3769 qui
875 3697 985 3771 ¹frontoti
1006 3696 1149 3749 nominan-

80 3784 136 3841 tur,
153 3786 198 3829 aut
225 3794 290 3847 quas
313 3788 371 3828 rota
392 3774 477 3838 liunt,
504 3776 583 3829 etiarn
627 3776 765 3849 tar,quod
783 3776 885 3848 duplici
899 3776 988 3830 fronte
1006 3790 1148 3846 utramque

79 3846 189 3907 fictilibus
196 3854 279 3908 doliis
293 3852 328 3907 ad
340 3855 403 3907 vina
415 3855 584 3925 excogitatis,
627 3856 699 3909 muri
708 3868 812 3927 partem
822 3857 965 3928 peripsam
978 3856 1047 3907 muri
1058 3854 1149 3908 craesi·

80 3930 142 3983 stad
156 3950 247 4003 aquas.
268 3934 386 4003 Propter
405 3952 465 4003 quta
482 3938 584 3997 itanu,
626 3934 749 3989 tudinem
778 3948 863 3989 totam
889 3935 1050 4007 pertingant.
1074 3934 1147 3986 Usus

80 4017 123 4062 ete.
133 4038 143 4059 .
152 4010 326 4067 fl.-Dolr's's.
338 4014 454 4067 Brotea
462 4014 546 4084 liegg.
557 4034 583 4078 a,
627 4014 677 4067 lmc
688 4034 754 4068 voce
764 4028 802 4069 cst
813 4015 953 4069 Vitruvius
962 4032 1088 4086 quoque.
1101 4014 1129 4074 ll
1138 4032 1153 4088 ‚j

82 4085 109 4153 i,
125 4102 149 4143 et
175 4090 238 4147 edit.
267 4092 409 4163 principe,
432 4092 583 4155 imbricibu,
631 4100 655 4157 4.
672 4095 766 4150 lirun.
