2950 5000
317 407 387 494 534
583 411 623 478 C.
650 411 824 484 PLlNll
851 413 883 482 N
894 411 961 478 ΑΤ.
988 410 1118 479 HIST.

314 539 477 627 Catullus,
486 541 592 628 libris,
607 540 822 612 laudatissimi
832 555 909 634 sunt
921 543 956 610 in
965 539 1069 625 Melo,
1078 527 1370 636 Nisyro⁵,ctAEoliis

315 646 441 718 insulis.
461 648 620 718 Probatio
638 649 672 716 iu
697 648 843 717 candore
870 648 1072 741 minimoque
1093 647 1261 740 pondere,
1284 663 1313 716 et
1339 663 1371 716 ut

314 776 414 847 quam
431 755 574 824 maxime
592 756 762 849 spongiosi
778 753 926 848 aridique
949 737 1092 840 ⁶sint,ac
1107 755 1170 821 teri
1187 752 1371 839 faciles,nec

317 861 449 929 arenosi
467 861 502 928 in
524 859 683 928 fricando.
708 862 769 928 Vis
793 885 909 929 eorum
936 860 969 926 in
987 858 1171 943 medicina,
1189 875 1372 944 extenuare,

316 965 458 1051 siccare,
475 968 573 1034 tertia
596 965 758 1048 ustione⁷,
779 968 825 1036 ita
844 981 881 1034 ut
902 979 1093 1034 torreantur
1115 964 1261 1034 carbone
1280 988 1371 1059 puro,

283 1093 355 1140 sac
376 1072 475 1140 toties
497 1073 577 1143 rino
604 1075 854 1166 restinguantur
875 1069 962 1139 albo.
987 1073 1160 1138 Lavantur
1186 1070 1318 1156 deinde,
1341 1084 1373 1138 ut

315 1175 446 1245 cadmia
455 1162 479 1259 ⁸,
497 1191 532 1246 et
561 1179 675 1246 siccati
705 1177 908 1260 conduntur,
935 1199 1034 1270 qnam
1062 1177 1199 1246 minime
1226 1175 1375 1270 uliginoso

315 1279 401 1351 loco.
416 1283 507 1352 Usus
527 1281 661 1354 farinae⁹
677 1284 749 1377 ejus
762 1282 935 1352 oculorum
957 1283 1099 1350 maxime
1121 1281 1375 1350 medicamentis:

314 1386 452 1458 hulcera
478 1404 601 1483 purgat
627 1414 742 1458 eorum
770 1388 904 1473 leniter,
933 1385 1109 1482 expletque
1134 1389 1319 1470 cicatrices,
1347 1403 1376 1454 et

315 1493 481 1563 emendat.
497 1494 642 1582 Quidam
657 1496 755 1564 tertia
772 1496 904 1566 ustione
915 1491 1154 1587 refrigeratos'⁰
1169 1493 1376 1586 potiusquam

314 1601 508 1684 restinctos,
529 1613 637 1669 terere
647 1599 775 1669 malunt
786 1626 828 1670 ex
844 1602 931 1670 vino.
947 1598 1122 1668 Adduntur
1141 1603 1242 1667 etiarn
1261 1598 1302 1666 ad
1315 1621 1376 1666 ma-

315 1703 481 1800 lagmata,
505 1707 652 1800 capitum
673 1705 964 1800 verendorumque
987 1703 1187 1773 hulceribus.
1208 1703 1376 1773 Utilissima

314 1808 401 1882 fiunt
414 1835 456 1879 ex
466 1810 1004 1906 hisdentifricia¹¹.Theophrastus
1017 1824 1135 1878 auctor
1145 1807 1239 1894 est'',
1256 1825 1377 1904 potores

313 1979 425 2053 pumice
445 1980 527 2051 poliri
555 1999 586 2034 sc
619 1979 736 2050 laevigari
763 1980 830 2033 sols·
878 2005 889 2026 ι
907 1979 1008 2032 Pumex
1022 1997 1077 2031 non
1092 1997 1168 2051 uque
1181 1977 1376 2042 estaridus‚at·

314 2061 390 2114 bant.
401 2058 524 2131 »Lepide
531 2059 674 2122 Martialis,
688 2058 724 2111 de
731 2059 830 2112 biblio·
875 2077 928 2130 que
941 2057 987 2111 bic
1011 2070 1049 2110 est
1071 2077 1161 2112 senex.
1181 2059 1275 2111 ·Dss.

314 2136 476 2210 pola,spnd
489 2139 642 2210 quemlibri
657 2141 830 2208 ejusprosta·
913 2157 942 2208 7.
969 2139 1052 2189 Tertia
1078 2141 1179 2191 ustione.
1200 2139 1264 2191 Post
1284 2137 1375 2190 tertiam

314 2216 512 2280 bantrenales,
529 2216 577 2270 lib.
589 2218 619 2282 1,
632 2219 715 2289 epigr.
724 2236 828 2271 exram
873 2217 1015 2270 ustionem.
1035 2215 1125 2270 uiosc.
1148 2231 1175 2270 et
1198 2216 1302 2270 Oribas.
1322 2211 1375 2268 locis

320 2322 333 2345 ι
347 2297 388 2349 De
406 2297 497 2367 primo
513 2294 587 2349 debit
607 2297 726 2350 alterove
748 2296 814 2350 nido
822 2335 833 2360 ,
873 2295 919 2349 cit.
932 2297 1023 2348 Hann.

316 2377 415 2431 lissum
423 2375 529 2445 pumice
539 2394 711 2447 purpuraque
720 2375 831 2442 cultum,
915 2377 941 2429 8.
962 2375 995 2427 Ut
1010 2375 1112 2428 cadmia.
1131 2373 1173 2426 De
1194 2377 1271 2445 eujus
1289 2375 1376 2426 lotione

316 2454 439 2509 Denariis
451 2453 500 2508 tibi
511 2455 632 2527 quinque
641 2453 802 2512 Martialem.
815 2480 827 2503 s
873 2451 974 2509 dictum
989 2467 1028 2507 est
1043 2453 1090 2507 lib.
1112 2453 1245 2517 xxxlv,
1258 2473 1313 2527 esp.
1337 2469 1374 2505 rs·

360 2535 386 2588 5:
394 2536 427 2589 Iu
435 2534 512 2599 Melo,
518 2535 614 2607 Nisyro.
628 2536 668 2588 De
679 2536 832 2607 pumicibus
916 2555 942 2603 9.
958 2534 1021 2586 Usus
1028 2535 1133 2602 sarire,
1157 2546 1207 2587 etc.
1228 2534 1337 2588 Punicis
1351 2532 1374 2583 in

316 2616 414 2686 egitur.
425 2614 520 2677 Prius,
534 2615 649 2678 rirMslo,
660 2614 832 2687 Scyro,lege·
873 2614 1052 2667 tenuissimam
1086 2612 1198 2665 farinam
1219 2616 1284 2667 triti.
1300 2610 1374 2665 Adhi-

316 2694 406 2747 batur.
434 2693 475 2746 Ex
502 2692 558 2747 suis
587 2694 782 2763 exemplaribus
806 2697 832 2748 iu
873 2691 1373 2763 betursDiosc.sdpn1-gandresqus

318 2772 382 2847 Syro
388 2772 527 2828 Pintiauus
533 2773 679 2827 rescribere
686 2773 830 2827 nitebatur.
872 2771 982 2843 pupillis
989 2768 1134 2824 offundunt
1144 2772 1284 2845 caliginem
1294 2790 1300 2824 :
1312 2783 1335 2823 et
1345 2764 1374 2820 sd

317 2852 406 2924 Atque
418 2852 455 2904 ita
465 2870 528 2904 sene
539 2854 605 2924 Reg.
621 2871 646 2905 a.
658 2854 696 2905 At
708 2852 787 2906 Colb.
799 2851 831 2916 3,
874 2849 1004 2921 explenda
1020 2852 1129 2903 bulcem
1143 2850 1374 2920 ,perducendaque

319 2937 345 2985 iu
354 2933 458 2984 Melonis
465 2928 549 3002 Scyro.
562 2932 633 2992 Nos,
648 2934 674 2983 iu
683 2932 768 2995 Melo,
784 2932 831 2985 Ni·
873 2928 907 2983 ad
918 2930 1078 2984 cicatricem.
1092 2931 1183 2983 Hanc.

318 3009 549 3085 tymindnbiran
560 3012 711 3079 conjectura
721 3012 831 3082 reponi·
917 3028 961 3063 ro.
978 3009 1083 3077 Quidam
1099 3014 1171 3061 tertia
1183 3014 1277 3062 ustibus
1286 3008 1372 3075 refrige-

319 3093 496 3144 massucior
505 3089 540 3142 its
549 3089 723 3150 emendandi,
735 3103 833 3161 prater
874 3102 947 3141 ratos.
958 3088 1008 3141 Per
1017 3106 1044 3139 se
1054 3088 1155 3141 scilicet
1166 3107 1197 3141 sc
1207 3102 1301 3160 sponte
1308 3085 1374 3138 refri-

243 3224 248 3235 ,
320 3168 428 3240 vestigia
445 3166 570 3223 codicum
589 3169 831 3234 omnium,Theo-
873 3182 978 3238 gerstos
1006 3168 1107 3239 potius,
1121 3186 1203 3237 quem
1217 3168 1280 3220 vino
1292 3164 1373 3219 restiu-

317 3248 458 3319 pbr-astus,
469 3247 517 3319 qui
528 3248 598 3299 libro
608 3248 664 3319 erpi
673 3249 757 3313 λίθων,
771 3266 832 3319 pag.
874 3259 940 3299 ctos.
957 3248 988 3299 ln
997 3247 1094 3301 horum
1107 3260 1146 3299 est
1155 3265 1270 3299 numero
1278 3246 1374 3297 Diosco-

321 3328 337 3382 ⁵
344 3366 353 3393 ,
363 3326 581 3399 pumiceslsudat
590 3326 618 3379 in
629 3327 723 3397 primis
732 3328 831 3399 eosqui
873 3325 964 3391 rides,
975 3326 1025 3379 loc.
1033 3324 1079 3379 cit.
1089 3338 1130 3389 et,
1143 3326 1189 3395 qni
1205 3321 1373 3379 Dioscoridem

319 3418 347 3460 et
359 3410 383 3460 lu
397 3408 513 3477 Nser'spu,
527 3418 554 3459 et
565 3409 589 3459 iv
603 3412 681 3475 Μήλῳ
692 3407 832 3476 reperiun·
874 3406 929 3459 lere
943 3404 1077 3475 sequitur,
1093 3403 1243 3457 Oribasius.
1256 3402 1338 3455 Haeo.

318 3498 372 3542 tur.
388 3486 540 3541 Eustathius
564 3486 644 3551 item,
663 3486 691 3538 in
719 3486 830 3557 Dionys
918 3479 1370 3554 11.Dentifrice's.Eiarinapunieis.

317 3584 387 3619 vers.
404 3565 477 3633 526,
490 3583 549 3637 pag.
567 3568 622 3634 76,
643 3564 756 3617 molares
766 3565 833 3636 lapi·
873 3564 992 3633 Κίσσηρις
1027 3562 1152 3635 apertuit
1186 3558 1290 3621 ὀδόντων
1316 3559 1370 3611 ute.

318 3642 366 3699 des
382 3663 398 3697 e
412 3645 510 3717 Nisyro
524 3641 708 3707 commendat,
728 3636 847 3715 Nieupos'
874 3640 961 3696 Dioso.
974 3643 993 3694 1.
1008 3660 1031 3696 c.
1044 3642 1123 3712 Viget
1132 3642 1154 3693 is
1166 3640 1297 3711 hodieque
1308 3633 1371 3709 apud

317 3720 449 3794 serpillus
465 3723 503 3784 set
516 3726 580 3777 λίθου
589 3723 683 3794 putiau.
697 3722 829 3777 lisan-
872 3740 921 3791 nos
931 3722 990 3775 triti
1002 3722 1115 3792 pumicis
1127 3739 1197 3773 usus.
1213 3722 1265 3773 En.

318 3804 437 3857 Probstio
459 3808 485 3855 t'u
501 3804 623 3867 caudore,
638 3814 689 3855 etc.
704 3800 831 3857 Totidem
917 3801 1372 3870 12.Tteoptmstussncsoresr‚pou·

310 3883 408 3937 uerbis
420 3884 510 3937 Diosc.
523 3883 570 3935 lib.
583 3882 618 3939 V.
633 3900 690 3954 csp.
709 3880 781 3945 ηδ,
803 3895 830 3935 et
873 3900 918 3932 res.
936 3878 1015 3951 Apud
1030 3880 1170 3949 Tbecphr.
1189 3878 1254 3931 Hiar.
1265 3878 1309 3929 lib.
1324 3874 1373 3933 1x,

318 3961 470 4027 Oribssins‚
481 3962 529 4015 lib.
540 3962 625 4025 xm,
638 3980 698 4032 pag.
714 3962 779 4015 aab.
795 3962 828 4015 Η.
872 3978 932 4031 cap.
950 3962 1000 4024 18,
1023 3958 1161 4012 Eudemus
1175 3958 1255 4011 Chius
1267 3964 1323 4027 post
1338 3968 1372 4001 tt·

360 4046 388 4098 6.
402 4042 530 4115 Aridique.
552 4042 660 4095 Plautus
680 4041 710 4097 in
731 4040 826 4095 Aulul.
872 4039 1092 4111 ptimumverstri
1101 4034 1371 4109 potionem,voniituu
