2950 5000
294 363 361 437 rub
565 366 604 433 C.
631 364 800 435 PLINII
824 364 934 435 Nar.
961 364 1092 435 HIST.

290 500 452 587 fastidito,
466 496 625 569 caelentur
639 512 796 594 argento,
809 499 939 593 vaginas
950 496 973 522 ¹²
989 483 1149 587 catillis¹³,
1164 496 1266 569 baltei
1277 496 1362 568 lami-

258 612 343 680 ³nis
359 605 544 703 crepitent?
559 608 634 675 Jarn
657 630 739 674 vero
760 604 952 701 paedagogia
972 604 1014 674 ad
1037 606 1211 676 transitum
1232 605 1362 675 virilita-

294 702 372 787 tis¹.⁴
397 712 627 785 custodiantur
658 726 828 808 argento:
861 711 991 781 femina
1023 710 1190 799 laventur,
1213 727 1269 796 et,
1304 710 1364 780 nisi

295 836 464 917 argentea,
478 818 558 891 solia
578 818 748 889 fastidiant
763 845 771 887 x
792 816 973 912 eademque
994 820 1131 887 maten'a
1146 834 1180 889 et
1194 803 1366 903 cibis¹⁵,et

296 929 428 1025 probris
444 928 575 997 serviat.
589 921 730 996 Videret
745 926 816 995 brec
830 924 1016 1011 Fabricius,
1037 938 1070 993 et
1088 939 1209 995 stratas
1226 937 1365 1021 argento

296 1034 472 1105 mulierum
499 1034 662 1119 balineas,
687 1033 790 1101 itaut
812 1032 950 1125 vestigio
977 1028 1071 1101 locus
1091 1056 1161 1101 non
1182 1018 1269 1119 sit¹⁶,
1291 1052 1365 1101 cum

298 1143 376 1211 viris
393 1139 598 1210 lavantium:
617 1138 807 1225 Fabricius,
823 1139 976 1232 inquam,
1003 1139 1059 1233 qui
1080 1136 1255 1208 bellicosos
1270 1140 1367 1232 impe·

297 1262 425 1318 ratores
446 1245 522 1342 plus
540 1271 639 1340 quarn
661 1260 812 1340 pateram
827 1259 863 1313 et
880 1243 1021 1313 salinum
1037 1268 1078 1315 ex
1090 1246 1229 1339 argento
1244 1244 1368 1313 habere

296 1354 441 1424 vetabat.
462 1352 599 1422 Videret
610 1351 633 1391 ¹⁷
663 1352 742 1421 hinc
773 1350 861 1420 dona
883 1350 1019 1420 fortium
1044 1350 1134 1436 lieri,
1157 1366 1216 1421 aut
1240 1352 1276 1420 in
1297 1350 1366 1419 haec

297 1460 418 1556 frangi.
436 1462 512 1527 Heu
526 1452 655 1527 moresl
674 1457 816 1536 Fabricii
833 1483 894 1527 nos
912 1455 1025 1552 pudet.

348 1661 395 1695 aa.
413 1641 519 1711 Voglaoe
536 1640 634 1692 catillis.
649 1641 691 1692 lta
703 1640 769 1711 lleg.
783 1658 815 1703 s,
859 1641 993 1710 Quaesitum
1005 1653 1050 1704 ert,
1063 1638 1117 1710 dig.
1129 1636 1369 1707 debutr.sund.vel

297 1736 325 1776 st
349 1720 416 1775 editi
447 1721 512 1773 libri
536 1732 600 1773 aute
625 1718 814 1781 Hermolaum,
857 1724 925 1773 lustr.
947 1720 994 1791 leg.
1018 1720 1060 1773 Ab
1079 1720 1223 1773 Ammiano
1250 1718 1368 1773 Marcell.

300 1820 363 1874 quo.
374 1812 483 1855 auctore
503 1801 560 1871 typi
581 1798 706 1870 deinceps
724 1799 817 1851 hortun
853 1800 1037 1871 paedagogiani.
1056 1799 1127 1853 Galli
1142 1798 1276 1853 diminuta
1294 1815 1368 1862 voce,

300 1882 436 1935 exhibent.
453 1880 544 1932 Dictus
557 1891 645 1932 autem
660 1878 761 1931 catillus
775 1896 818 1931 ar·
853 1900 941 1951 puger,
951 1892 1061 1945 vocant,
1075 1892 1196 1952 utsupra
1207 1879 1367 1940 monuimus,

304 1962 392 2015 bitror
402 1978 453 2031 pro
468 1959 581 2023 catellis,
593 1959 646 2011 hoc
656 1970 711 2022 est,
727 1958 817 2011 breri-
857 1978 881 2013 c.
898 1978 943 2013 aa.
958 1961 1050 2013 llaan.

302 2042 353 2095 bus
366 2039 473 2093 catenis.
489 2040 549 2103 Qua
564 2036 598 2090 de
615 2055 680 2090 voce
690 2038 817 2091 vossium
901 2040 945 2094 1⁵.
955 2040 1095 2111 Eademque
1104 2050 1162 2092 mas.
1173 2050 1199 2091 et
1206 2040 1276 2092 cibis.
1288 2040 1321 2091 Et
1331 2052 1369 2088 ss·

302 2119 452 2175 consulein
466 2117 687 2187 Etymol.llnn.
859 2120 906 2182 sis.
933 2120 1031 2190 qulbus
1050 2120 1174 2171 feruutur
1194 2120 1326 2173 olnonia:
1345 2128 1369 2170 et

347 2188 558 2281 rbglatlllr'rssle
566 2187 652 2266 olim).
660 2196 819 2260 Batulpmet
859 2200 983 2263 motulis,
1002 2198 1100 2271 quibus
1119 2198 1215 2251 lorium
1230 2198 1320 2271 excipi
1332 2214 1370 2249 so·

301 2281 478 2349 ὓποκοριςαῠς
493 2278 629 2341 batillum,
646 2277 761 2330 formum
778 2277 820 2329 in·
858 2278 904 2332 let.
918 2278 1011 2333 Hann.

303 2370 559 2428 strumentum,quo
570 2374 658 2428 pruna
671 2357 819 2427 colligitur,
904 2362 949 2413 16.
964 2358 1006 2411 Itu
1023 2371 1052 2411 ut
1063 2359 1167 2427 uestigio
1181 2358 1247 2411 loeru
1263 2376 1313 2410 non
1330 2359 1366 2407 sir.

304 2436 750 2511 quasipatulum.llorst.Set.1,5,
764 2438 815 2491 35:
859 2438 936 2492 Prius
950 2438 1080 2510 probrum
1099 2449 1139 2490 est
1154 2438 1242 2491 levare
1255 2456 1317 2491 cum
1331 2434 1367 2488 ri·

304 2543 317 2565 ·
329 2518 504 2590 Linquimus,
519 2518 604 2571 lusani
620 2516 737 2571 ridentes
752 2535 820 2590 prrs-
860 2520 917 2572 ris:
940 2519 1053 2572 alterum
1069 2519 1158 2571 lavare
1174 2519 1202 2571 in
1217 2519 1366 2572 balnearum

305 2600 359 2653 suia
376 2599 483 2662 scribas,
501 2598 670 2655 Praetextam‚
694 2611 719 2651 et
735 2598 819 2651 latum
859 2599 932 2652 soliis
945 2600 984 2652 sic
992 2610 1103 2670 argento
1116 2598 1206 2652 stratis
1214 2611 1241 2651 et
1254 2595 1368 2658 lubricis,

304 2680 427 2743 clarum,
444 2695 592 2748 prunasque
606 2677 737 2730 batillum.
749 2703 762 2724 n
778 2677 820 2730 Ab
861 2692 890 2732 ut
905 2679 933 2731 iu
949 2679 981 2731 iis
999 2679 1141 2732 consistere
1159 2679 1302 2749 vestigium
1318 2689 1367 2729 uon

242 2777 245 2785 ·
306 2762 363 2832 ejus
372 2758 538 2811 instrumenti
552 2756 726 2811 similitudine
738 2758 819 2810 Vete-
860 2760 952 2830 possit.
973 2759 1075 2812 Denso.
1090 2789 1129 2800 —-
1150 2759 1198 2811 Itu.
1215 2759 1308 2824 Quum
1321 2755 1368 2807 siut

306 2857 350 2893 res
361 2838 458 2890 berillus
472 2849 634 2891 rocaverunt
652 2837 764 2890 laminas
779 2855 821 2889 sr-
862 2838 1026 2892 balinearum
1043 2837 1107 2890 solia
1117 2877 1124 2898 ‚
1136 2838 1223 2909 iuquit
1239 2839 1368 2891 Dalecsm·

307 2931 426 2991 penaeas,
437 2917 574 2989 utrimque
583 2917 617 2970 ad
626 2918 738 2970 laterum
751 2935 822 2970 mar·
861 2919 939 2989 pius,
954 2929 1036 2972 strata
1057 2929 1167 2989 urgento
1188 2919 1324 2989 perpolito
1344 2926 1367 2966 et

307 2999 382 3069 pines
399 3008 538 3062 curvatas,
555 2998 655 3068 quibus
669 2997 820 3068 pugionum
861 2999 980 3063 lubrico,
998 2997 1140 3051 consistere
1154 2997 1180 3049 in
1192 2996 1224 3050 iis
1234 2997 1367 3068 vestigium

308 3091 336 3132 et
347 3078 448 3131 ensium
458 3078 564 3147 vaginas
573 3077 740 3148 operiebant.
751 3077 819 3130 Dar..
861 3097 916 3131 non
932 3089 1029 3150 potest.
1048 3078 1140 3148 Nugn.
1163 3077 1230 3142 Quis
1246 3077 1318 3130 enim
1335 3074 1368 3126 ln-

352 3164 397 3222 ¹⁴·
408 3158 455 3210 Aa
467 3160 593 3209 transirem
610 3157 758 3220 winibalis,
771 3167 821 3212 etc.
862 3159 965 3211 bricurn
982 3157 1050 3210 adeo
1067 3175 1098 3209 ex
1117 3167 1224 3227 argento
1238 3160 1369 3228 parimen-

308 3237 404 3292 Virilis
420 3238 535 3291 seminis.
564 3237 657 3289 Anulo
679 3247 822 3306 argenteo,
863 3249 919 3290 tum
930 3248 1026 3310 putet,
1043 3249 1073 3289 ut
1089 3237 1160 3290 fallat
1178 3231 1367 3308 vestigiart’li·

309 3336 356 3371 seu
370 3314 822 3387 flbulapedagogiorum,bocest,
862 3318 923 3370 nius
948 3319 984 3371 its
1011 3327 1104 3370 stratas
1130 3328 1238 3386 argento
1259 3317 1368 3370 balineas

308 3415 454 3468 puerorum
466 3394 592 3466 pudenda
600 3396 821 3466 perstringebant,
863 3395 937 3462 dicit,
948 3409 978 3450 ut
989 3401 1042 3466 jam
1057 3397 1129 3448 'nulla
1140 3413 1201 3466 pers
1213 3413 1307 3449 earnm
1316 3407 1366 3446 are·

309 3475 443 3530 interdum
462 3476 551 3540 vocis,
571 3474 708 3528 interdum
725 3475 824 3528 relatu·
862 3495 897 3530 na
906 3477 951 3542 sit,
963 3476 1006 3529 cui
1016 3476 1136 3546 imprimi
1145 3475 1219 3547 pedis
1233 3475 1368 3548 vestigium

309 3555 381 3609 dinis
408 3573 506 3609 causa:
532 3556 611 3625 cujus
631 3555 823 3608 infibulatiouis
863 3568 950 3627 queat.
965 3557 1056 3610 Hann.
1140 3591 1143 3600 Δ
1232 3590 1234 3598 ·

310 3634 420 3688 modum
442 3636 535 3689 Celsus
556 3634 749 3701 edocet,VII,
777 3635 822 3688 25.
906 3653 950 3706 ¹7·
968 3637 1076 3688 Viderat.
1088 3633 1202 3688 videret
1219 3653 1251 3688 ex
1266 3641 1368 3707 argento

309 3715 391 3768 Pueri
402 3715 551 3779 Cesaram,
564 3715 620 3768 sire
629 3728 659 3768 ut
668 3713 742 3786 apud
751 3714 822 3768 Gru·
863 3715 974 3770 balineis
983 3713 1235 3788 pmbrisqu'edicato
1243 3715 1300 3786 peti
1310 3727 1369 3786 pru·

309 3807 358 3848 ter.
378 3814 405 3867 p.
423 3795 725 3866 1037‚ms1.n0m.
741 3812 823 3848 aror-
866 3797 919 3849 mia
941 3809 1078 3868 argentea,
1097 3813 1156 3867 que
1177 3795 1245 3848 viris
1260 3793 1368 3848 fortibus

309 3892 383 3929 ersa.
397 3874 548 3948 pedagogia
559 3893 615 3928 non
630 3893 645 3927 a
659 3875 748 3927 Plinio
765 3893 823 3929 mo·
866 3874 1029 3930 debeantur:
1044 3888 1092 3930 aut
1108 3876 1166 3929 hec
1183 3873 1219 3928 ud
1235 3874 1296 3928 illos
1313 3885 1369 3926 usu!

309 3953 346 4008 do
365 3953 501 4022 dicuutur,
519 3953 566 4008 serl
581 3967 608 4008 et
628 3973 642 4007 a
659 3955 773 4020 Seneca,
787 3954 822 4010 de
867 3956 961 4028 frangi.
975 3956 1067 4010 Esau.
1080 3987 1120 4000 -
1131 3955 1234 4010 Similia
1249 3945 1367 4012 temjoed

221 4087 223 4090 Α
309 4035 477 4102 bertevile,
501 4048 528 4088 et
547 4036 580 4089 ab
606 4033 743 4106 Ulpiano,
770 4036 820 4106 leg.
866 4036 951 4088 multo
972 4036 1169 4090 vehementiora
1193 4045 1283 4090 uoatm
1302 4033 1327 4088 J.
1345 4027 1366 4084 1-
