2950 5000
424 432 579 501 Ltnnn
607 430 814 499 xxxvn.
1083 424 1150 516 64'1

86 562 240 635 ceruleis.
253 562 495 657 Sappbirorum
506 616 516 649 ,
529 588 603 657 quae
620 588 698 633 cum
719 562 868 658 purpura
879 547 903 649 ³,
919 564 1052 657 optimae
1066 564 1157 659 apud

88 658 253 740 Medns⁴z
280 694 445 763 nusquam
475 684 587 739 tamen
614 668 804 763 perlucida.
833 672 995 738 Praeterea
1026 670 1157 741 inutiles

88 822 249 887 accenditur,
262 821 352 891 granis
363 822 468 885 aureis,
480 821 599 891 exiguis,
644 819 811 874 carbunculo
829 808 967 889 (rubino),
981 840 1096 893 eumque
1109 842 1157 876 rc·

88 903 155 955 istus
168 900 396 964 scintillantibus,
420 914 448 954 et
462 899 532 952 llaro
547 900 599 953 lul·
644 902 700 953 cari
723 900 757 953 ab
780 902 877 953 incolis
901 901 1158 971 sapphirorubinum

87 1001 148 1052 pore
166 980 382 1052 splendentibus.
394 980 499 1047 'bareis
512 993 600 1033 autem
645 970 655 1049 (
663 980 898 1051 sappbirantbrsca
906 978 931 1057 ).1
945 980 1094 1035 Gemmsrii
1108 1000 1158 1035 no·

86 1061 126 1112 rel
139 1061 240 1131 guttis,
255 1060 297 1112 rel
311 1060 388 1113 lineis
399 1059 543 1119 distinctas,
554 1078 600 1111 nu·
644 1059 690 1111 stri
708 1072 821 1125 vocant,
836 1060 918 1129 saplrir
937 1080 1020 1131 rouge.
1035 1062 1106 1122 Dan.
1119 1094 1159 1105 -

87 1154 161 1203 tatas,
174 1140 303 1204 variatas,
317 1156 473 1209 conspersas
484 1156 601 1210 gemmea
646 1138 706 1191 Cum
716 1159 834 1209 purpura.
850 1138 918 1191 Cum
933 1143 1039 1211 punctis
1054 1159 1159 1212 purpu-

87 1218 112 1272 iu
125 1220 178 1273 boc
192 1220 275 1271 Plinii
295 1220 369 1271 velut
381 1216 601 1288 indicc'acpeaio.
643 1218 704 1271 reis.
716 1218 896 1289 Epiphanius,
919 1218 953 1271 de
973 1238 1015 1273 xn
1031 1220 1158 1293 gemmis,

90 1316 113 1351 r.
131 1298 325 1365 Snudsstrurn,
345 1298 490 1369 fulgentem
515 1298 602 1351 aureis
645 1316 704 1369 pag.
722 1317 778 1368 ²²7
794 1300 882 1360 :bilae
897 1301 1028 1370 σάπφειρος
1045 1302 1160 1373 nappupl-

86 1379 173 1449 guttis.
201 1398 227 1430 a.
246 1378 368 1450 Cyanon.
390 1379 416 1431 3.
439 1376 600 1449 Sapphirou.
645 1378 740 1438 ζων...
754 1378 837 1434 Πολλὰ
851 1373 881 1429 lt
896 1381 954 1449 γένη
973 1381 1061 1433 τούτου
1080 1382 1160 1454 incip·

89 1466 113 1520 i.
127 1458 358 1511 Coralloecbaten.
378 1456 405 1510 5.
424 1455 556 1527 Acupida.
572 1460 599 1509 6.
643 1456 869 1527 χουσιν·1στ·.γὶιρ
885 1460 897 1509 l
917 1459 1057 1523 βασιλικὸς,
1070 1480 1160 1531 xpasc-

86 1536 268 1592 Chelonitidn.
278 1554 307 1606 7.
318 1536 486 1600 lionuesiun,
496 1533 603 1589 radian-
644 1538 748 1617 στιγῆς
761 1539 787 1589 οὐ
800 1534 908 1590 ardradi
921 1531 990 1599 οὗτος
1004 1540 1161 1611 lsupsidps·

87 1629 137 1670 tem
151 1636 232 1671 auro.
245 1619 272 1670 8.
286 1616 503 1687 leucopetalon,
515 1615 602 1669 aurcis
644 1636 696 1677 νος,
708 1619 740 1677 ὡς
751 1618 763 1668 1
773 1611 855 1669 laton
865 1619 1013 1687 πορφυρίζων
1023 1620 1080 1671 wal
1090 1612 1159 1683 altit

88 1697 163 1750 lineis
182 1694 303 1749 candore
323 1695 459 1749 distincto.
479 1714 506 1763 9.
525 1695 600 1765 Lysi-
644 1690 674 1747 ll
685 1696 787 1766 lipsani
805 1690 866 1749 siant
880 1698 903 1747 is
916 1702 948 1766 τῇ
959 1687 1043 1767 ludin,
1061 1696 1159 1753 salat·

86 1776 211 1830 maehum
222 1772 343 1839 ,Rhodio
354 1777 479 1828 marmori
486 1774 601 1826 similem
643 1775 736 1843 biania.
752 1775 921 1846 sSappbirns
933 1794 1037 1847 gemma
1054 1796 1159 1849 purpu-

87 1858 172 1909 aureis
193 1855 269 1906 renis
283 1854 455 1925 picturatum.
473 1872 515 1908 so.
531 1852 601 1905 Leu-
644 1855 732 1907 rascit.
748 1890 795 1908 ...
811 1856 895 1907 Multa
909 1866 970 1908 suut
984 1857 1040 1926 ejus
1053 1874 1159 1927 genera.

86 1937 246 2008 cncbryson.
263 1950 307 1986 11.
318 1935 454 1987 Ponticam
469 1933 601 2005 primam,
644 1934 692 1986 Est
702 1934 775 1986 euim
786 1934 875 2005 regius
891 1934 977 1987 aureis
989 1935 1097 2005 punctis
1113 1954 1160 1990 va·

86 2016 216 2069 stellatam
237 2014 325 2066 aurcis
343 2014 432 2083 guttis.
455 2032 499 2065 ra.
512 2013 602 2065 Ponti·
644 2012 708 2067 rius.
722 2012 783 2065 Nou
799 2026 838 2067 cat
851 2032 917 2067 vero
929 2014 973 2067 bic
986 2014 1014 2067 iu
1027 2026 1102 2070 tanta
1113 2014 1160 2069 ud·

85 2112 142 2147 mm
157 2092 320 2163 secundam,
332 2092 409 2146 lineis
418 2093 506 2145 aureis
514 2091 602 2162 virga·
644 2091 802 2156 miratione,
815 2104 913 2164 manta
927 2094 972 2147 ille
988 2095 1035 2164 qui
1049 2114 1160 2165 prorsus

87 2172 604 2243 taur.Dan.-Aurumpunctiscollucet
645 2168 824 2243 purpurascit.
847 2174 881 2225 Et
908 2172 953 2227 bic
977 2170 1078 2227 dicitur
1103 2194 1158 2229 esse

86 2255 206 2306 coemieis.
220 2252 329 2305 ‘Auscis
350 2251 471 2323 punctis·
483 2250 603 2321 sapphiri
645 2268 730 2322 quum
744 2252 771 2304 in
790 2250 883 2315 India,
897 2264 955 2305 tum
973 2252 1053 2308 etiam
1067 2254 1095 2307 in
1111 2258 1158 2307 tE-

86 2346 177 2386 cutetn
198 2349 256 2385 erse
275 2332 438 2402 imperem,
459 2342 486 2383 et
500 2330 603 2401 pariter
645 2330 781 2402 tbiopia.-·
807 2332 871 2384 llaec
897 2331 1158 2403 totidem-syllabis,
1224 2367 1228 2373 ·

24 2444 29 2456 .
86 2412 228 2475 micis,
243 2412 434 2483 purpureisve,
450 2408 526 2481 quod
537 2409 603 2462 alte-
644 2411 818 2481 apicibusque
840 2408 1072 2483 reprehensurus,
1092 2426 1159 2484 quot

87 2511 147 2546 rum
160 2490 284 2562 sappbiri
292 2510 375 2562 genus
389 2489 604 2561 estmoxappel·
645 2490 752 2544 suntin
774 2488 913 2545 codicibus
934 2484 1102 2565 Mssjlteg.
1127 2513 1159 2558 a,

85 2571 216 2636 laudum,
228 2569 337 2631 indicat.
347 2570 428 2623 Unde
438 2570 603 2640 intelligitur,
645 2571 723 2623 colb.
738 2570 770 2633 3,
782 2571 847 2626 Fur.
862 2571 960 2626 etalii:
972 2571 1040 2630 mine
1046 2575 1074 2626 in
1083 2573 1159 2628 libris

86 2665 221 2722 qnantum
236 2651 382 2721 sapphirus
390 2649 512 2702 Pliniana
524 2669 539 2702 a
552 2668 603 2703 no·
646 2649 724 2704 editis
738 2651 867 2704 hactenus
883 2652 1042 2722 interpolata
1055 2671 1062 2705 ε
1075 2652 1159 2725 «Sap-

87 2743 140 2784 stra
151 2729 303 2801 discrepet,
312 2749 375 2802 quse
387 2741 415 2782 et
425 2741 481 2782 tota
492 2729 604 2782 carrulea
645 2729 742 2800 pbirus
756 2732 827 2784 euim
844 2743 870 2784 et
883 2731 970 2786 aureis
982 2733 1089 2801 punctis
1103 2734 1159 2786 col·

35 2855 39 2864 .
86 2809 348 2879 est,etperlucida:
361 2828 410 2863 nec
423 2807 496 2880 apud
509 2807 604 2862 Medos
645 2809 725 2862 lucet.
735 2809 862 2864 Caeruleis
873 2823 899 2863 et
907 2810 1161 2884 sapphiri,raruqne

86 2893 178 2943 solum
191 2887 323 2953 ludusve,
337 2888 383 2941 sed
397 2902 424 2941 et
433 2887 505 2958 apud
514 2907 564 2941 nus
575 2889 602 2940 in
645 2907 707 2942 cum
729 2907 859 2960 purpura.
880 2890 997 2961 Optime
1013 2890 1084 2960 apud
1100 2893 1159 2945 lde·

86 2970 198 3040 Europa
218 2969 319 3022 natales
337 2968 428 3021 babet.
446 2967 548 3021 Plinius
561 2968 601 3022 in·
647 2966 710 3030 dos,
723 2979 796 3022 etc·
814 2969 880 3034 Quae
893 2969 1160 3040 inejusinterpreta·
1226 2958 1238 2981 ⁵

86 3049 143 3114 ire,
155 3067 217 3120 cap.
229 3047 283 3110 54:
297 3047 528 3101 -Coralluacbates
543 3061 602 3119 put·
646 3049 720 3102 tione
734 3048 788 3100 loci
799 3047 940 3102 Salmasius
953 3049 981 3100 in
993 3048 1077 3102 Solin.
1096 3067 1158 3121 pag.

87 3130 123 3181 tis
136 3128 227 3180 aureis
237 3127 357 3198 sapphiri
374 3127 457 3180 modo
471 3144 571 3198 sparse.
587 3153 599 3173 ·
651 3126 1028 3198 132,sprl.parncummittit,
1039 3145 1162 3183 necenn-

87 3209 235 3261 ΗΜ·-
247 3208 280 3260 In
291 3207 411 3276 sapphiris
429 3225 523 3260 aarum.
538 3206 604 3276 Sap·
647 3225 753 3260 merare
771 3219 862 3271 vacat,
884 3225 934 3260 nec
955 3207 1086 3263 refellere.
1108 3207 1160 3262 Sed

87 3288 186 3357 pbirus
198 3273 372 3340 nostraatots'
383 3287 494 3339 curules
508 3300 562 3350 en,
577 3299 605 3340 et
647 3305 734 3358 neque
753 3285 858 3340 Isidoro
878 3285 1161 3358 credc,0rig.XV1,

89 3364 232 3438 perlucida
251 3361 400 3428 (uariatior,
421 3367 500 3418 teletis
519 3366 602 3430 blm,
649 3387 681 3435 9,
696 3367 771 3419 bunc
784 3365 864 3418 Plinii
882 3365 916 3418 de
931 3367 1059 3436 sapphiro
1072 3367 1162 3422 locum

88 3435 310 3516 saphirorieretal),
319 3447 355 3498 ita
361 3444 521 3498 arrideatur
532 3463 606 3516 gem·
647 3464 684 3499 en
697 3444 847 3515 depravatis
859 3446 1057 3517 exemplaribus
1066 3445 1164 3504 deacri-

90 3543 165 3579 mam
179 3525 308 3578 Veterum
325 3524 512 3596 cognominem
526 3545 541 3578 a
555 3542 606 3577 no·
649 3525 733 3578 beuti.
751 3526 844 3578 Hsnn.

89 3616 173 3658 strata
185 3601 317 3656 diversam
337 3623 408 3668 esse,
424 3617 471 3658 aut
489 3605 606 3657 Plinium
691 3611 717 3668 4.
736 3603 843 3674 Optima
856 3604 923 3676 apud
938 3605 1033 3658 Medos.
1054 3605 1165 3660 Marbo·

91 3687 121 3737 in
136 3683 348 3738 mnscribendis
358 3685 509 3738 unctoribus
519 3684 606 3737 balln·
624 3678 627 3684 ¹
649 3683 725 3750 deus,
734 3684 781 3738 lib.
795 3683 828 3738 de
841 3683 940 3753 Lapid:
949 3697 1015 3755 prat.
1026 3701 1084 3757 cap.
1099 3705 1164 3750 urta,

89 3764 222 3818 cinctum.
243 3763 295 3815 En.
651 3765 687 3818 de
695 3764 838 3835 sapphiro:
856 3785 868 3806 ·
878 3763 929 3817 llic
939 3781 1047 3835 quoque
1061 3766 1165 3835 syrtites

136 3843 165 3896 3.
180 3842 242 3896 Can
251 3842 529 3913 purpm.Garciasab
540 3844 609 3896 Hor·
650 3845 719 3915 lepis
741 3861 757 3896 a
773 3843 915 3916 'plerisque
936 3855 1064 3905 vocatur,
1084 3845 1166 3910 Quod

91 3935 139 3978 to,
159 3921 255 3994 quide
274 3924 354 3977 rebus
373 3921 472 3976 ln'dicis
487 3922 609 3992 scripsit,
653 3924 725 3978 cirea
733 3924 824 3995 Syrtes
833 3923 940 3993 Libycis
952 3925 1101 3994 permixtus
1111 3945 1169 3979 arr-

91 3999 213 4054 mditin
221 4000 313 4054 eadem
321 4001 414 4055 ludina
422 4002 534 4073 reperiri
544 4021 611 4055 non·
654 4005 712 4069 uis,
731 4002 868 4057 Fluctibus
888 4004 1043 4074 expulsus...
1057 4005 1106 4056 llle
1123 4004 1169 4056 scd

92 4099 234 4152 uunquam
250 4082 405 4153 sapphirum
419 4083 533 4136 mixtum
548 4100 611 4136 cum
655 4084 774 4154 optimus
794 4095 846 4148 eat,
866 4101 946 4153 quern
968 4084 1046 4136 tellus
1066 4084 1172 4138 Medica

172 4181 234 4248 IX.
980 4182 1021 4264 41
