<?xml version="1.0" encoding="UTF-8"?>
<!DOCTYPE html PUBLIC "-//W3C//DTD XHTML 1.0 Transitional//EN"
    "http://www.w3.org/TR/xhtml1/DTD/xhtml1-transitional.dtd">
<html xmlns="http://www.w3.org/1999/xhtml" xml:lang="en" lang="en">
 <head>
  <title>
</title>
<meta http-equiv="Content-Type" content="text/html;charset=utf-8" />
  <meta name='ocr-system' content='tesseract 3.04.00' />
  <meta name='ocr-capabilities' content='ocr_page ocr_carea ocr_par ocr_line ocrx_word'/>
</head>
<body>
  <div class='ocr_page' id='page_1' title='image "./caiipliniisecun01plingoog_0466.png"; bbox 0 0 2950 5000; ppageno 0'>
   <div class='ocr_carea' id='block_1_1' title="bbox 418 421 1132 520">
    <p class='ocr_par' dir='ltr' id='par_1_1' title="bbox 418 421 1132 520">
     <span class='ocr_line' id='line_1_1' title="bbox 418 421 1132 520; baseline -0.003 -12"><span class='ocrx_word' id='word_1_1' title='bbox 418 440 573 508; x_wconf 79' lang='lat' dir='ltr'><strong>utuun</strong></span> <span class='ocrx_word' id='word_1_2' title='bbox 598 440 783 508; x_wconf 80' lang='lat' dir='ltr'><strong>xxxvl.</strong></span> <span class='ocrx_word' id='word_1_3' title='bbox 1065 421 1132 520; x_wconf 73' lang='lat' dir='ltr'><strong>nn</strong></span> 
     </span>
    </p>
   </div>
   <div class='ocr_carea' id='block_1_2' title="bbox 86 571 1194 1835">
    <p class='ocr_par' dir='ltr' id='par_1_2' title="bbox 86 571 1194 1835">
     <span class='ocr_line' id='line_1_2' title="bbox 94 571 1139 666; baseline -0.002 -22"><span class='ocrx_word' id='word_1_4' title='bbox 94 575 191 644; x_wconf 87' lang='lat' dir='ltr'><strong>locere.</strong></span> <span class='ocrx_word' id='word_1_5' title='bbox 209 577 305 642; x_wconf 83' lang='lat' dir='ltr'><strong>Patet</strong></span> <span class='ocrx_word' id='word_1_6' title='bbox 321 571 365 640; x_wconf 86' lang='lat' dir='ltr'><strong>ab</strong></span> <span class='ocrx_word' id='word_1_7' title='bbox 382 585 497 642; x_wconf 89' lang='lat' dir='ltr'><strong>austro</strong></span> <span class='ocrx_word' id='word_1_8' title='bbox 515 586 551 640; x_wconf 91' lang='lat' dir='ltr'><strong>et</strong></span> <span class='ocrx_word' id='word_1_9' title='bbox 571 572 807 665; x_wconf 78' lang='lat' dir='ltr'><strong>septemtrione</strong></span> <span class='ocrx_word' id='word_1_10' title='bbox 830 593 1010 666; x_wconf 83' lang='lat' dir='ltr'><strong>sexagenos</strong></span> <span class='ocrx_word' id='word_1_11' title='bbox 1025 583 1139 642; x_wconf 88' lang='lat' dir='ltr'><strong>ternos</strong></span> 
     </span>
     <span class='ocr_line' id='line_1_3' title="bbox 93 663 1140 776; baseline -0.003 -26"><span class='ocrx_word' id='word_1_12' title='bbox 93 681 191 776; x_wconf 81' lang='lat' dir='ltr'><strong>pedes,</strong></span> <span class='ocrx_word' id='word_1_13' title='bbox 205 679 339 748; x_wconf 83' lang='lat' dir='ltr'><strong>brevius</strong></span> <span class='ocrx_word' id='word_1_14' title='bbox 355 701 377 746; x_wconf 89' lang='lat' dir='ltr'><strong>a</strong></span> <span class='ocrx_word' id='word_1_15' title='bbox 394 663 588 762; x_wconf 80' lang='lat' dir='ltr'><strong>frontibus⁶‚</strong></span> <span class='ocrx_word' id='word_1_16' title='bbox 605 691 679 747; x_wconf 90' lang='lat' dir='ltr'><strong>toto</strong></span> <span class='ocrx_word' id='word_1_17' title='bbox 692 675 856 748; x_wconf 87' lang='lat' dir='ltr'><strong>circuitu⁷</strong></span> <span class='ocrx_word' id='word_1_18' title='bbox 872 677 973 772; x_wconf 89' lang='lat' dir='ltr'><strong>pedes</strong></span> <span class='ocrx_word' id='word_1_19' title='bbox 985 675 1140 771; x_wconf 87' lang='lat' dir='ltr'><strong>quadrin-</strong></span> 
     </span>
     <span class='ocr_line' id='line_1_4' title="bbox 92 781 1139 880; baseline -0.002 -24"><span class='ocrx_word' id='word_1_20' title='bbox 92 801 191 880; x_wconf 80' lang='lat' dir='ltr'><strong>gentos</strong></span> <span class='ocrx_word' id='word_1_21' title='bbox 206 784 361 855; x_wconf 86' lang='lat' dir='ltr'><strong>undecim</strong></span> <span class='ocrx_word' id='word_1_22' title='bbox 378 808 386 851; x_wconf 75' lang='grc' dir='ltr'><em>τ</em></span> <span class='ocrx_word' id='word_1_23' title='bbox 403 781 566 852; x_wconf 80' lang='lat' dir='ltr'><strong>attollitur</strong></span> <span class='ocrx_word' id='word_1_24' title='bbox 581 784 616 852; x_wconf 92' lang='lat' dir='ltr'><strong>in</strong></span> <span class='ocrx_word' id='word_1_25' title='bbox 633 782 839 854; x_wconf 80' lang='lat' dir='ltr'><strong>altitudinem</strong></span> <span class='ocrx_word' id='word_1_26' title='bbox 859 785 975 877; x_wconf 83' lang='lat' dir='ltr'><strong>viginti</strong></span> <span class='ocrx_word' id='word_1_27' title='bbox 992 784 1139 878; x_wconf 90' lang='lat' dir='ltr'><strong>quinque</strong></span> 
     </span>
     <span class='ocr_line' id='line_1_5' title="bbox 90 875 1138 985; baseline -0.003 -23"><span class='ocrx_word' id='word_1_28' title='bbox 90 893 192 962; x_wconf 86' lang='lat' dir='ltr'><strong>cubitis</strong></span> <span class='ocrx_word' id='word_1_29' title='bbox 202 917 211 961; x_wconf 73' lang='grc' dir='ltr'><strong><em>ε</em></strong></span> <span class='ocrx_word' id='word_1_30' title='bbox 221 891 369 985; x_wconf 81' lang='lat' dir='ltr'><strong>cingitur</strong></span> <span class='ocrx_word' id='word_1_31' title='bbox 378 887 543 958; x_wconf 89' lang='lat' dir='ltr'><strong>columnis</strong></span> <span class='ocrx_word' id='word_1_32' title='bbox 556 890 692 984; x_wconf 83' lang='lat' dir='ltr'><strong>triginta</strong></span> <span class='ocrx_word' id='word_1_33' title='bbox 709 875 795 961; x_wconf 75' lang='lat' dir='ltr'><strong>sex⁸.</strong></span> <span class='ocrx_word' id='word_1_34' title='bbox 810 888 952 958; x_wconf 88' lang='lat' dir='ltr'><strong>Pteron⁹</strong></span> <span class='ocrx_word' id='word_1_35' title='bbox 965 913 1138 959; x_wconf 84' lang='lat' dir='ltr'><strong>vocavere.</strong></span> 
     </span>
     <span class='ocr_line' id='line_1_6' title="bbox 92 993 1194 1090; baseline -0.004 -24"><span class='ocrx_word' id='word_1_36' title='bbox 92 998 133 1066; x_wconf 78' lang='lat' dir='ltr'><strong>ab</strong></span> <span class='ocrx_word' id='word_1_37' title='bbox 151 1000 275 1068; x_wconf 90' lang='lat' dir='ltr'><strong>oriente</strong></span> <span class='ocrx_word' id='word_1_38' title='bbox 297 994 426 1066; x_wconf 71' lang='lat' dir='ltr'><strong>colavit</strong></span> <span class='ocrx_word' id='word_1_39' title='bbox 444 997 569 1089; x_wconf 86' lang='lat' dir='ltr'><strong>Scopas</strong></span> <span class='ocrx_word' id='word_1_40' title='bbox 577 993 614 1080; x_wconf 82' lang='lat'><strong>¹⁰,</strong></span> <span class='ocrx_word' id='word_1_41' title='bbox 637 1021 659 1064; x_wconf 87' lang='lat' dir='ltr'><strong>a</strong></span> <span class='ocrx_word' id='word_1_42' title='bbox 686 997 929 1090; x_wconf 81' lang='lat' dir='ltr'><strong>septemtrione</strong></span> <span class='ocrx_word' id='word_1_43' title='bbox 944 997 1101 1090; x_wconf 80' lang='lat' dir='ltr'><strong>Bryaxis,</strong></span> <span class='ocrx_word' id='word_1_44' title='bbox 1121 1021 1141 1064; x_wconf 83' lang='lat' dir='ltr'><strong>a</strong></span> <span class='ocrx_word' id='word_1_45' title='bbox 1163 1017 1194 1076; x_wconf 60' lang='grc' dir='ltr'><strong>ις</strong></span> 
     </span>
     <span class='ocr_line' id='line_1_7' title="bbox 90 1101 1141 1196; baseline -0.004 -22"><span class='ocrx_word' id='word_1_46' title='bbox 90 1103 208 1174; x_wconf 83' lang='lat' dir='ltr'><strong>meridie</strong></span> <span class='ocrx_word' id='word_1_47' title='bbox 218 1103 433 1186; x_wconf 79' lang='lat' dir='ltr'><strong>Timotheus,</strong></span> <span class='ocrx_word' id='word_1_48' title='bbox 447 1101 491 1170; x_wconf 83' lang='lat' dir='ltr'><strong>ab</strong></span> <span class='ocrx_word' id='word_1_49' title='bbox 505 1125 628 1171; x_wconf 86' lang='lat' dir='ltr'><strong>occasu</strong></span> <span class='ocrx_word' id='word_1_50' title='bbox 642 1101 850 1172; x_wconf 78' lang='lat' dir='ltr'><strong>Leochares:</strong></span> <span class='ocrx_word' id='word_1_51' title='bbox 865 1103 1022 1196; x_wconf 88' lang='lat' dir='ltr'><strong>priusque</strong></span> <span class='ocrx_word' id='word_1_52' title='bbox 1040 1127 1141 1196; x_wconf 89' lang='lat' dir='ltr'><strong>quam</strong></span> 
     </span>
     <span class='ocr_line' id='line_1_8' title="bbox 90 1208 1142 1306; baseline -0.002 -28"><span class='ocrx_word' id='word_1_53' title='bbox 90 1224 287 1306; x_wconf 77' lang='lat' dir='ltr'><strong>peragerent,</strong></span> <span class='ocrx_word' id='word_1_54' title='bbox 312 1208 428 1302; x_wconf 80' lang='lat' dir='ltr'><strong>regina</strong></span> <span class='ocrx_word' id='word_1_55' title='bbox 452 1208 646 1293; x_wconf 78' lang='lat' dir='ltr'><strong>Artemisia,</strong></span> <span class='ocrx_word' id='word_1_56' title='bbox 671 1233 746 1302; x_wconf 80' lang='lat' dir='ltr'><strong>quae</strong></span> <span class='ocrx_word' id='word_1_57' title='bbox 773 1209 881 1277; x_wconf 87' lang='lat' dir='ltr'><strong>mariti</strong></span> <span class='ocrx_word' id='word_1_58' title='bbox 912 1209 1081 1278; x_wconf 77' lang='lat' dir='ltr'><strong>memoriae</strong></span> <span class='ocrx_word' id='word_1_59' title='bbox 1108 1208 1142 1278; x_wconf 95' lang='lat' dir='ltr'><strong>id</strong></span> 
     </span>
     <span class='ocr_line' id='line_1_9' title="bbox 88 1311 1145 1410; baseline 0 -26"><span class='ocrx_word' id='word_1_60' title='bbox 88 1339 160 1410; x_wconf 88' lang='lat' dir='ltr'><strong>opus</strong></span> <span class='ocrx_word' id='word_1_61' title='bbox 174 1316 296 1386; x_wconf 82' lang='lat' dir='ltr'><strong>exstnti</strong></span> <span class='ocrx_word' id='word_1_62' title='bbox 306 1315 465 1406; x_wconf 86' lang='lat' dir='ltr'><strong>jusserat,</strong></span> <span class='ocrx_word' id='word_1_63' title='bbox 485 1315 577 1384; x_wconf 83' lang='lat' dir='ltr'><strong>obiit</strong></span> <span class='ocrx_word' id='word_1_64' title='bbox 602 1311 682 1383; x_wconf 86' lang='lat' dir='ltr'><strong>Non</strong></span> <span class='ocrx_word' id='word_1_65' title='bbox 699 1329 812 1384; x_wconf 86' lang='lat' dir='ltr'><strong>tamen</strong></span> <span class='ocrx_word' id='word_1_66' title='bbox 831 1329 1054 1398; x_wconf 85' lang='lat' dir='ltr'><strong>recesserunt,</strong></span> <span class='ocrx_word' id='word_1_67' title='bbox 1082 1317 1145 1385; x_wconf 93' lang='lat' dir='ltr'><strong>nisi</strong></span> 
     </span>
     <span class='ocr_line' id='line_1_10' title="bbox 89 1418 1143 1515; baseline -0.001 -25"><span class='ocrx_word' id='word_1_68' title='bbox 89 1419 226 1492; x_wconf 83' lang='lat' dir='ltr'><strong>absoluto</strong></span> <span class='ocrx_word' id='word_1_69' title='bbox 243 1421 335 1515; x_wconf 87' lang='lat' dir='ltr'><strong>jam,</strong></span> <span class='ocrx_word' id='word_1_70' title='bbox 356 1419 392 1488; x_wconf 92' lang='lat' dir='ltr'><strong>id</strong></span> <span class='ocrx_word' id='word_1_71' title='bbox 412 1418 525 1514; x_wconf 71' lang='lat' dir='ltr'><strong>gloriae</strong></span> <span class='ocrx_word' id='word_1_72' title='bbox 546 1421 695 1514; x_wconf 88' lang='lat' dir='ltr'><strong>ipsorum</strong></span> <span class='ocrx_word' id='word_1_73' title='bbox 721 1421 867 1514; x_wconf 84' lang='lat' dir='ltr'><strong>artisque</strong></span> <span class='ocrx_word' id='word_1_74' title='bbox 888 1435 1143 1490; x_wconf 88' lang='lat' dir='ltr'><strong>monumentum</strong></span> 
     </span>
     <span class='ocr_line' id='line_1_11' title="bbox 86 1525 1145 1622; baseline 0.002 -28"><span class='ocrx_word' id='word_1_75' title='bbox 86 1527 276 1618; x_wconf 78' lang='lat' dir='ltr'><strong>judicantes:</strong></span> <span class='ocrx_word' id='word_1_76' title='bbox 298 1526 463 1620; x_wconf 85' lang='lat' dir='ltr'><strong>hodieque</strong></span> <span class='ocrx_word' id='word_1_77' title='bbox 478 1539 610 1595; x_wconf 82' lang='lat' dir='ltr'><strong>certant</strong></span> <span class='ocrx_word' id='word_1_78' title='bbox 622 1550 742 1595; x_wconf 78' lang='lat' dir='ltr'><strong>manus</strong></span> <span class='ocrx_word' id='word_1_79' title='bbox 751 1525 785 1593; x_wconf 92' lang='lat'><strong>¹¹.</strong></span> <span class='ocrx_word' id='word_1_80' title='bbox 801 1528 948 1596; x_wconf 82' lang='lat' dir='ltr'><strong>Accessit</strong></span> <span class='ocrx_word' id='word_1_81' title='bbox 961 1540 995 1596; x_wconf 90' lang='lat' dir='ltr'><strong>et</strong></span> <span class='ocrx_word' id='word_1_82' title='bbox 1009 1529 1145 1622; x_wconf 89' lang='lat' dir='ltr'><strong>quintus</strong></span> 
     </span>
     <span class='ocr_line' id='line_1_12' title="bbox 88 1631 1145 1728; baseline -0.001 -25"><span class='ocrx_word' id='word_1_83' title='bbox 88 1633 213 1703; x_wconf 78' lang='lat' dir='ltr'><strong>artilex:</strong></span> <span class='ocrx_word' id='word_1_84' title='bbox 233 1657 379 1728; x_wconf 90' lang='lat' dir='ltr'><strong>namque</strong></span> <span class='ocrx_word' id='word_1_85' title='bbox 398 1657 498 1726; x_wconf 88' lang='lat' dir='ltr'><strong>supra</strong></span> <span class='ocrx_word' id='word_1_86' title='bbox 515 1645 636 1726; x_wconf 90' lang='lat' dir='ltr'><strong>pteron</strong></span> <span class='ocrx_word' id='word_1_87' title='bbox 651 1633 798 1728; x_wconf 84' lang='lat' dir='ltr'><strong>pyramis</strong></span> <span class='ocrx_word' id='word_1_88' title='bbox 819 1631 990 1702; x_wconf 86' lang='lat' dir='ltr'><strong>altitudine</strong></span> <span class='ocrx_word' id='word_1_89' title='bbox 1011 1631 1145 1702; x_wconf 85' lang='lat' dir='ltr'><strong>inferio·</strong></span> 
     </span>
     <span class='ocr_line' id='line_1_13' title="bbox 89 1735 1145 1835; baseline 0 -27"><span class='ocrx_word' id='word_1_90' title='bbox 89 1764 148 1808; x_wconf 85' lang='lat' dir='ltr'><strong>rem</strong></span> <span class='ocrx_word' id='word_1_91' title='bbox 163 1739 325 1835; x_wconf 82' lang='lat' dir='ltr'><strong>aequavit‚</strong></span> <span class='ocrx_word' id='word_1_92' title='bbox 340 1739 602 1832; x_wconf 77' lang='lat' dir='ltr'><strong>vigintiquatuor</strong></span> <span class='ocrx_word' id='word_1_93' title='bbox 616 1735 803 1833; x_wconf 84' lang='lat' dir='ltr'><strong>gradibus¹²</strong></span> <span class='ocrx_word' id='word_1_94' title='bbox 820 1740 854 1806; x_wconf 91' lang='lat' dir='ltr'><strong>in</strong></span> <span class='ocrx_word' id='word_1_95' title='bbox 872 1754 968 1809; x_wconf 86' lang='lat' dir='ltr'><strong>metae</strong></span> <span class='ocrx_word' id='word_1_96' title='bbox 985 1764 1145 1808; x_wconf 89' lang='lat' dir='ltr'><strong>cacumen</strong></span> 
     </span>
    </p>
   </div>
   <div class='ocr_carea' id='block_1_3' title="bbox 80 1908 1219 4149">
    <p class='ocr_par' dir='ltr' id='par_1_3' title="bbox 80 1908 1219 4149">
     <span class='ocr_line' id='line_1_14' title="bbox 88 1908 1146 1992; baseline 0.003 -18"><span class='ocrx_word' id='word_1_97' title='bbox 88 1919 157 1974; x_wconf 69' lang='lat' dir='ltr'><strong>lum.</strong></span> <span class='ocrx_word' id='word_1_98' title='bbox 166 1911 197 1976; x_wconf 78' lang='lat'><strong>6⁰</strong></span> <span class='ocrx_word' id='word_1_99' title='bbox 205 1922 330 1976; x_wconf 73' lang='lat' dir='ltr'><strong>Coloneus</strong></span> <span class='ocrx_word' id='word_1_100' title='bbox 339 1917 468 1974; x_wconf 73' lang='lat' dir='ltr'><strong>Rhodios.</strong></span> <span class='ocrx_word' id='word_1_101' title='bbox 483 1908 513 1989; x_wconf 73' lang='grc' dir='ltr'><strong>7ο</strong></span> <span class='ocrx_word' id='word_1_102' title='bbox 521 1919 589 1990; x_wconf 84' lang='lat' dir='ltr'><strong>Cyri</strong></span> <span class='ocrx_word' id='word_1_103' title='bbox 633 1938 698 1973; x_wconf 83' lang='lat' dir='ltr'><strong>mox</strong></span> <span class='ocrx_word' id='word_1_104' title='bbox 708 1917 825 1982; x_wconf 77' lang='lat' dir='ltr'><strong>dicetur,</strong></span> <span class='ocrx_word' id='word_1_105' title='bbox 837 1921 957 1976; x_wconf 76' lang='lat' dir='ltr'><strong>infcriori</strong></span> <span class='ocrx_word' id='word_1_106' title='bbox 968 1923 1045 1992; x_wconf 85' lang='lat' dir='ltr'><strong>operi</strong></span> <span class='ocrx_word' id='word_1_107' title='bbox 1055 1923 1146 1978; x_wconf 88' lang='lat' dir='ltr'><strong>altitu·</strong></span> 
     </span>
     <span class='ocr_line' id='line_1_15' title="bbox 87 1998 873 2072; baseline -0.001 -18"><span class='ocrx_word' id='word_1_108' title='bbox 87 2001 156 2072; x_wconf 58' lang='grc' dir='ltr'><strong>ιφ.</strong></span> <span class='ocrx_word' id='word_1_109' title='bbox 170 2002 260 2054; x_wconf 80' lang='lat' dir='ltr'><strong>Hsao.</strong></span> <span class='ocrx_word' id='word_1_110' title='bbox 632 1998 696 2052; x_wconf 86' lang='lat' dir='ltr'><strong>dinc</strong></span> <span class='ocrx_word' id='word_1_111' title='bbox 709 2017 766 2070; x_wconf 87' lang='lat' dir='ltr'><strong>par.</strong></span> <span class='ocrx_word' id='word_1_112' title='bbox 781 1998 873 2053; x_wconf 80' lang='lat' dir='ltr'><strong>liano.</strong></span> 
     </span>
     <span class='ocr_line' id='line_1_16' title="bbox 120 2077 1147 2151; baseline 0.002 -17"><span class='ocrx_word' id='word_1_113' title='bbox 120 2087 144 2134; x_wconf 75' lang='grc'><strong>6.</strong></span> <span class='ocrx_word' id='word_1_114' title='bbox 153 2083 181 2134; x_wconf 87' lang='lat' dir='ltr'><em>A</em></span> <span class='ocrx_word' id='word_1_115' title='bbox 194 2079 327 2147; x_wconf 75' lang='lat' dir='ltr'><strong>smntibss.</strong></span> <span class='ocrx_word' id='word_1_116' title='bbox 342 2078 386 2132; x_wconf 66' lang='lat' dir='ltr'><strong>Ab</strong></span> <span class='ocrx_word' id='word_1_117' title='bbox 401 2077 507 2134; x_wconf 75' lang='lat' dir='ltr'><strong>oriente</strong></span> <span class='ocrx_word' id='word_1_118' title='bbox 519 2079 589 2144; x_wconf 83' lang='lat' dir='ltr'><strong>sole,</strong></span> <span class='ocrx_word' id='word_1_119' title='bbox 676 2097 719 2132; x_wconf 85' lang='lat' dir='ltr'><strong>ro.</strong></span> <span class='ocrx_word' id='word_1_120' title='bbox 735 2079 779 2132; x_wconf 82' lang='lat' dir='ltr'><strong>Ab</strong></span> <span class='ocrx_word' id='word_1_121' title='bbox 789 2084 880 2132; x_wconf 79' lang='lat' dir='ltr'><strong>oriente</strong></span> <span class='ocrx_word' id='word_1_122' title='bbox 890 2079 1147 2151; x_wconf 60' lang='lat' dir='ltr'><strong>coehritd&#39;copnsNi*</strong></span> 
     </span>
     <span class='ocr_line' id='line_1_17' title="bbox 88 2157 1145 2231; baseline 0.006 -21"><span class='ocrx_word' id='word_1_123' title='bbox 88 2160 148 2212; x_wconf 76' lang='lat' dir='ltr'><strong>etals</strong></span> <span class='ocrx_word' id='word_1_124' title='bbox 159 2157 306 2214; x_wconf 83' lang='lat' dir='ltr'><strong>occidente.</strong></span> <span class='ocrx_word' id='word_1_125' title='bbox 318 2157 411 2211; x_wconf 75' lang='lat' dir='ltr'><strong>liano.</strong></span> <span class='ocrx_word' id='word_1_126' title='bbox 633 2159 738 2212; x_wconf 80' lang='lat' dir='ltr'><strong>trosius</strong></span> <span class='ocrx_word' id='word_1_127' title='bbox 751 2160 779 2210; x_wconf 89' lang='lat' dir='ltr'><strong>in</strong></span> <span class='ocrx_word' id='word_1_128' title='bbox 797 2160 871 2228; x_wconf 74' lang='lat' dir='ltr'><strong>pres.</strong></span> <span class='ocrx_word' id='word_1_129' title='bbox 883 2159 930 2212; x_wconf 87' lang='lat' dir='ltr'><strong>lib.</strong></span> <span class='ocrx_word' id='word_1_130' title='bbox 945 2159 1014 2225; x_wconf 83' lang='lat' dir='ltr'><strong>VH,</strong></span> <span class='ocrx_word' id='word_1_131' title='bbox 1026 2180 1053 2231; x_wconf 92' lang='lat' dir='ltr'><strong>p.</strong></span> <span class='ocrx_word' id='word_1_132' title='bbox 1070 2162 1145 2216; x_wconf 75' lang='lat'><strong>125:</strong></span> 
     </span>
     <span class='ocr_line' id='line_1_18' title="bbox 120 2235 1146 2310; baseline 0.004 -18"><span class='ocrx_word' id='word_1_133' title='bbox 120 2259 144 2308; x_wconf 87' lang='lat'><strong>7.</strong></span> <span class='ocrx_word' id='word_1_134' title='bbox 156 2241 220 2292; x_wconf 85' lang='lat' dir='ltr'><strong>Toto</strong></span> <span class='ocrx_word' id='word_1_135' title='bbox 226 2241 343 2298; x_wconf 69' lang='lat' dir='ltr'><strong>ducito,</strong></span> <span class='ocrx_word' id='word_1_136' title='bbox 354 2247 404 2290; x_wconf 87' lang='lat' dir='ltr'><strong>etc.</strong></span> <span class='ocrx_word' id='word_1_137' title='bbox 415 2235 492 2307; x_wconf 87' lang='lat' dir='ltr'><strong>Opus</strong></span> <span class='ocrx_word' id='word_1_138' title='bbox 500 2237 588 2308; x_wconf 89' lang='lat' dir='ltr'><strong>ipsum</strong></span> <span class='ocrx_word' id='word_1_139' title='bbox 634 2265 646 2286; x_wconf 74' lang='grc' dir='ltr'>ι</span> <span class='ocrx_word' id='word_1_140' title='bbox 654 2237 777 2309; x_wconf 81' lang='lat' dir='ltr'><strong>Namque</strong></span> <span class='ocrx_word' id='word_1_141' title='bbox 786 2239 898 2310; x_wconf 69' lang='lat' dir='ltr'><strong>siugulis</strong></span> <span class='ocrx_word' id='word_1_142' title='bbox 906 2239 1040 2294; x_wconf 74' lang='lat' dir='ltr'><strong>nonnum</strong></span> <span class='ocrx_word' id='word_1_143' title='bbox 1052 2237 1146 2303; x_wconf 87' lang='lat' dir='ltr'><strong>(Mau-</strong></span> 
     </span>
     <span class='ocr_line' id='line_1_19' title="bbox 85 2309 1145 2391; baseline 0.002 -18"><span class='ocrx_word' id='word_1_144' title='bbox 85 2318 233 2374; x_wconf 78' lang='lat' dir='ltr'><strong>titcnmibat</strong></span> <span class='ocrx_word' id='word_1_145' title='bbox 250 2317 426 2388; x_wconf 67' lang='lat' dir='ltr'><strong>cingebatque</strong></span> <span class='ocrx_word' id='word_1_146' title='bbox 443 2317 486 2368; x_wconf 79' lang='lat' dir='ltr'><strong>vel</strong></span> <span class='ocrx_word' id='word_1_147' title='bbox 503 2315 588 2381; x_wconf 81' lang='lat' dir='ltr'><strong>fossa,</strong></span> <span class='ocrx_word' id='word_1_148' title='bbox 632 2309 715 2385; x_wconf 78' lang='lat' dir='ltr'><strong>colei]</strong></span> <span class='ocrx_word' id='word_1_149' title='bbox 730 2317 829 2389; x_wconf 71' lang='lat' dir='ltr'><strong>singuli</strong></span> <span class='ocrx_word' id='word_1_150' title='bbox 846 2317 959 2372; x_wconf 74' lang='lat' dir='ltr'><strong>artifices</strong></span> <span class='ocrx_word' id='word_1_151' title='bbox 973 2335 1145 2391; x_wconf 81' lang='lat' dir='ltr'><strong>sumpserunt</strong></span> 
     </span>
     <span class='ocr_line' id='line_1_20' title="bbox 86 2395 1146 2467; baseline 0.004 -17"><span class='ocrx_word' id='word_1_152' title='bbox 86 2398 121 2450; x_wconf 83' lang='lat' dir='ltr'><strong>rel</strong></span> <span class='ocrx_word' id='word_1_153' title='bbox 131 2417 223 2452; x_wconf 85' lang='lat' dir='ltr'><strong>morus</strong></span> <span class='ocrx_word' id='word_1_154' title='bbox 235 2397 361 2458; x_wconf 75' lang='lat' dir='ltr'><strong>exterior,</strong></span> <span class='ocrx_word' id='word_1_155' title='bbox 375 2395 540 2467; x_wconf 76' lang='lat' dir='ltr'><strong>aliquamnm</strong></span> <span class='ocrx_word' id='word_1_156' title='bbox 554 2395 588 2448; x_wconf 83' lang='lat' dir='ltr'><strong>als</strong></span> <span class='ocrx_word' id='word_1_157' title='bbox 631 2396 751 2452; x_wconf 77' lang='lat' dir='ltr'><strong>certatim</strong></span> <span class='ocrx_word' id='word_1_158' title='bbox 760 2409 849 2466; x_wconf 85' lang='lat' dir='ltr'><strong>partes</strong></span> <span class='ocrx_word' id='word_1_159' title='bbox 859 2395 1069 2454; x_wconf 71' lang='lat' dir='ltr'><strong>adornandum:</strong></span> <span class='ocrx_word' id='word_1_160' title='bbox 1079 2402 1146 2454; x_wconf 84' lang='lat' dir='ltr'><strong>Leo-</strong></span> 
     </span>
     <span class='ocr_line' id='line_1_21' title="bbox 86 2475 1143 2551; baseline 0.008 -24"><span class='ocrx_word' id='word_1_161' title='bbox 86 2476 136 2547; x_wconf 83' lang='lat' dir='ltr'><strong>ipso</strong></span> <span class='ocrx_word' id='word_1_162' title='bbox 154 2496 236 2551; x_wconf 84' lang='lat' dir='ltr'><strong>opere</strong></span> <span class='ocrx_word' id='word_1_163' title='bbox 260 2475 368 2531; x_wconf 84' lang='lat' dir='ltr'><strong>dissitus</strong></span> <span class='ocrx_word' id='word_1_164' title='bbox 385 2493 392 2530; x_wconf 90' lang='lat'><strong>:</strong></span> <span class='ocrx_word' id='word_1_165' title='bbox 410 2493 494 2545; x_wconf 83' lang='lat' dir='ltr'><strong>quare</strong></span> <span class='ocrx_word' id='word_1_166' title='bbox 517 2487 589 2529; x_wconf 87' lang='lat' dir='ltr'><strong>totns</strong></span> <span class='ocrx_word' id='word_1_167' title='bbox 632 2477 739 2543; x_wconf 80' lang='lat' dir='ltr'><strong>chares,</strong></span> <span class='ocrx_word' id='word_1_168' title='bbox 753 2476 887 2548; x_wconf 64' lang='lat' dir='ltr'><strong>Bryant,</strong></span> <span class='ocrx_word' id='word_1_169' title='bbox 900 2479 1012 2550; x_wconf 84' lang='lat' dir='ltr'><strong>Scopas,</strong></span> <span class='ocrx_word' id='word_1_170' title='bbox 1025 2481 1143 2535; x_wconf 81' lang='lat' dir='ltr'><strong>Praxite-</strong></span> 
     </span>
     <span class='ocr_line' id='line_1_22' title="bbox 84 2546 1144 2629; baseline 0.003 -18"><span class='ocrx_word' id='word_1_171' title='bbox 84 2555 205 2613; x_wconf 80' lang='lat' dir='ltr'><strong>llaasolei</strong></span> <span class='ocrx_word' id='word_1_172' title='bbox 215 2557 332 2613; x_wconf 83' lang='lat' dir='ltr'><strong>ambitus</strong></span> <span class='ocrx_word' id='word_1_173' title='bbox 344 2546 446 2628; x_wconf 79' lang='lat' dir='ltr'><strong>pedum</strong></span> <span class='ocrx_word' id='word_1_174' title='bbox 460 2555 513 2608; x_wconf 82' lang='lat' dir='ltr'><strong>tuit</strong></span> <span class='ocrx_word' id='word_1_175' title='bbox 522 2574 589 2626; x_wconf 88' lang='lat' dir='ltr'><strong>qua·</strong></span> <span class='ocrx_word' id='word_1_176' title='bbox 631 2558 687 2610; x_wconf 85' lang='lat' dir='ltr'><strong>les:</strong></span> <span class='ocrx_word' id='word_1_177' title='bbox 701 2558 826 2611; x_wconf 85' lang='lat' dir='ltr'><strong>nonnulli</strong></span> <span class='ocrx_word' id='word_1_178' title='bbox 841 2558 920 2612; x_wconf 82' lang='lat' dir='ltr'><strong>otiam</strong></span> <span class='ocrx_word' id='word_1_179' title='bbox 936 2571 1029 2629; x_wconf 86' lang='lat' dir='ltr'><strong>putant</strong></span> <span class='ocrx_word' id='word_1_180' title='bbox 1051 2560 1144 2614; x_wconf 81' lang='lat' dir='ltr'><strong>Timo·</strong></span> 
     </span>
     <span class='ocr_line' id='line_1_23' title="bbox 84 2634 1143 2710; baseline 0.001 -17"><span class='ocrx_word' id='word_1_181' title='bbox 84 2634 279 2710; x_wconf 69' lang='lat' dir='ltr'><strong>driogentornm</strong></span> <span class='ocrx_word' id='word_1_182' title='bbox 293 2634 427 2689; x_wconf 84' lang='lat' dir='ltr'><strong>undecim.</strong></span> <span class='ocrx_word' id='word_1_183' title='bbox 440 2636 534 2689; x_wconf 77' lang='lat' dir='ltr'><strong>ttuo.</strong></span> <span class='ocrx_word' id='word_1_184' title='bbox 631 2636 744 2691; x_wconf 80' lang='lat' dir='ltr'><strong>theom:</strong></span> <span class='ocrx_word' id='word_1_185' title='bbox 762 2656 877 2709; x_wconf 88' lang='lat' dir='ltr'><strong>quorum</strong></span> <span class='ocrx_word' id='word_1_186' title='bbox 891 2638 1085 2693; x_wconf 83' lang='lat' dir='ltr'><strong>artiseminens</strong></span> <span class='ocrx_word' id='word_1_187' title='bbox 1098 2660 1143 2695; x_wconf 84' lang='lat' dir='ltr'><strong>es·</strong></span> 
     </span>
     <span class='ocr_line' id='line_1_24' title="bbox 119 2716 1144 2789; baseline 0.002 -18"><span class='ocrx_word' id='word_1_188' title='bbox 119 2718 145 2775; x_wconf 78' lang='lat'><strong>8.</strong></span> <span class='ocrx_word' id='word_1_189' title='bbox 163 2718 280 2789; x_wconf 74' lang='lat' dir='ltr'><strong>Cingitur</strong></span> <span class='ocrx_word' id='word_1_190' title='bbox 294 2718 408 2769; x_wconf 71' lang='lat' dir='ltr'><strong>coluncis</strong></span> <span class='ocrx_word' id='word_1_191' title='bbox 420 2718 522 2783; x_wconf 69' lang='lat' dir='ltr'><strong>triginta</strong></span> <span class='ocrx_word' id='word_1_192' title='bbox 536 2734 588 2769; x_wconf 73' lang='lat' dir='ltr'><strong>sea.</strong></span> <span class='ocrx_word' id='word_1_193' title='bbox 631 2716 844 2788; x_wconf 73' lang='lat' dir='ltr'><strong>cellentiaoocgit</strong></span> <span class='ocrx_word' id='word_1_194' title='bbox 850 2717 885 2771; x_wconf 88' lang='lat' dir='ltr'><strong>ad</strong></span> <span class='ocrx_word' id='word_1_195' title='bbox 891 2731 993 2787; x_wconf 87' lang='lat' dir='ltr'><strong>septem</strong></span> <span class='ocrx_word' id='word_1_196' title='bbox 1001 2720 1144 2773; x_wconf 79' lang='lat' dir='ltr'><strong>mirsculc·</strong></span> 
     </span>
     <span class='ocr_line' id='line_1_25' title="bbox 82 2793 1140 2868; baseline 0.002 -17"><span class='ocrx_word' id='word_1_197' title='bbox 82 2795 193 2863; x_wconf 75' lang='lat' dir='ltr'><strong>Quorum</strong></span> <span class='ocrx_word' id='word_1_198' title='bbox 205 2793 322 2852; x_wconf 79' lang='lat' dir='ltr'><strong>altitudo</strong></span> <span class='ocrx_word' id='word_1_199' title='bbox 334 2813 420 2866; x_wconf 85' lang='lat' dir='ltr'><strong>quum</strong></span> <span class='ocrx_word' id='word_1_200' title='bbox 431 2794 543 2847; x_wconf 87' lang='lat' dir='ltr'><strong>minime</strong></span> <span class='ocrx_word' id='word_1_201' title='bbox 556 2795 591 2847; x_wconf 87' lang='lat' dir='ltr'><strong>sit</strong></span> <span class='ocrx_word' id='word_1_202' title='bbox 629 2813 693 2849; x_wconf 86' lang='lat' dir='ltr'><strong>rom</strong></span> <span class='ocrx_word' id='word_1_203' title='bbox 703 2799 760 2867; x_wconf 82' lang='lat' dir='ltr'><strong>ejus</strong></span> <span class='ocrx_word' id='word_1_204' title='bbox 771 2798 1007 2868; x_wconf 79' lang='lat' dir='ltr'><strong>operisperssnire</strong></span> <span class='ocrx_word' id='word_1_205' title='bbox 1015 2799 1140 2853; x_wconf 81' lang='lat' dir='ltr'><strong>samum.-</strong></span> 
     </span>
     <span class='ocr_line' id='line_1_26' title="bbox 82 2874 1219 2948; baseline 0.003 -17"><span class='ocrx_word' id='word_1_206' title='bbox 82 2892 208 2947; x_wconf 75' lang='lat' dir='ltr'><strong>esprcass,</strong></span> <span class='ocrx_word' id='word_1_207' title='bbox 236 2876 388 2929; x_wconf 77' lang='lat' dir='ltr'><strong>existimare</strong></span> <span class='ocrx_word' id='word_1_208' title='bbox 417 2874 481 2927; x_wconf 79' lang='lat' dir='ltr'><strong>licet</strong></span> <span class='ocrx_word' id='word_1_209' title='bbox 508 2874 589 2927; x_wconf 69' lang='lat' dir='ltr'><strong>tanne</strong></span> <span class='ocrx_word' id='word_1_210' title='bbox 631 2875 1144 2948; x_wconf 78' lang='lat' dir='ltr'><strong>Librovero11,cap.8,carecredss</strong></span> <span class='ocrx_word' id='word_1_211' title='bbox 1211 2915 1219 2926; x_wconf 59' lang='grc' dir='ltr'><strong><em>ι</em></strong></span> 
     </span>
     <span class='ocr_line' id='line_1_27' title="bbox 84 2952 1145 3029; baseline 0.003 -20"><span class='ocrx_word' id='word_1_212' title='bbox 84 2966 186 3022; x_wconf 70' lang='lat' dir='ltr'><strong>mum,</strong></span> <span class='ocrx_word' id='word_1_213' title='bbox 196 2968 306 3029; x_wconf 72' lang='lat' dir='ltr'><strong>quant·</strong></span> <span class='ocrx_word' id='word_1_214' title='bbox 320 2953 429 3027; x_wconf 86' lang='lat' dir='ltr'><strong>Ephesii</strong></span> <span class='ocrx_word' id='word_1_215' title='bbox 443 2952 590 3025; x_wconf 87' lang='lat' dir='ltr'><strong>templico·</strong></span> <span class='ocrx_word' id='word_1_216' title='bbox 631 2956 841 3026; x_wconf 85' lang='lat' dir='ltr'><strong>abeoscriptore</strong></span> <span class='ocrx_word' id='word_1_217' title='bbox 847 2956 1012 3009; x_wconf 80' lang='lat' dir='ltr'><strong>Mausoleum</strong></span> <span class='ocrx_word' id='word_1_218' title='bbox 1020 2955 1145 3025; x_wconf 85' lang='lat' dir='ltr'><strong>describi,</strong></span> 
     </span>
     <span class='ocr_line' id='line_1_28' title="bbox 82 3032 1144 3106; baseline 0.002 -17"><span class='ocrx_word' id='word_1_219' title='bbox 82 3032 171 3089; x_wconf 79' lang='lat' dir='ltr'><strong>lomnes</strong></span> <span class='ocrx_word' id='word_1_220' title='bbox 190 3038 286 3089; x_wconf 80' lang='lat' dir='ltr'><strong>tuere:</strong></span> <span class='ocrx_word' id='word_1_221' title='bbox 310 3034 370 3105; x_wconf 83' lang='lat' dir='ltr'><strong>ipsc</strong></span> <span class='ocrx_word' id='word_1_222' title='bbox 392 3033 481 3087; x_wconf 87' lang='lat' dir='ltr'><strong>Plinio</strong></span> <span class='ocrx_word' id='word_1_223' title='bbox 505 3046 588 3097; x_wconf 85' lang='lat' dir='ltr'><strong>teste,</strong></span> <span class='ocrx_word' id='word_1_224' title='bbox 632 3033 952 3106; x_wconf 84' lang='lat' dir='ltr'><strong>quodsirosernditosin</strong></span> <span class='ocrx_word' id='word_1_225' title='bbox 964 3036 1085 3090; x_wconf 77' lang='lat' dir='ltr'><strong>fraudem</strong></span> <span class='ocrx_word' id='word_1_226' title='bbox 1097 3040 1144 3091; x_wconf 90' lang='lat' dir='ltr'><strong>im-</strong></span> 
     </span>
     <span class='ocr_line' id='line_1_29' title="bbox 81 3112 818 3186; baseline 0.003 -21"><span class='ocrx_word' id='word_1_227' title='bbox 81 3130 135 3185; x_wconf 86' lang='lat' dir='ltr'><strong>csp.</strong></span> <span class='ocrx_word' id='word_1_228' title='bbox 147 3133 179 3170; x_wconf 83' lang='lat' dir='ltr'>n</span> <span class='ocrx_word' id='word_1_229' title='bbox 193 3116 260 3169; x_wconf 86' lang='lat' dir='ltr'><strong>libri</strong></span> <span class='ocrx_word' id='word_1_230' title='bbox 271 3114 367 3185; x_wconf 78' lang='lat' dir='ltr'><strong>hujus,</strong></span> <span class='ocrx_word' id='word_1_231' title='bbox 379 3112 431 3167; x_wconf 82' lang='lat' dir='ltr'><strong>hoc</strong></span> <span class='ocrx_word' id='word_1_232' title='bbox 442 3126 498 3176; x_wconf 86' lang='lat' dir='ltr'><strong>est,</strong></span> <span class='ocrx_word' id='word_1_233' title='bbox 513 3130 589 3166; x_wconf 83' lang='lat' dir='ltr'><strong>sexn-</strong></span> <span class='ocrx_word' id='word_1_234' title='bbox 630 3114 711 3186; x_wconf 85' lang='lat' dir='ltr'><strong>polit.</strong></span> <span class='ocrx_word' id='word_1_235' title='bbox 726 3115 818 3169; x_wconf 81' lang='lat' dir='ltr'><strong>Hauu.</strong></span> 
     </span>
     <span class='ocr_line' id='line_1_30' title="bbox 81 3192 1145 3267; baseline 0.001 -19"><span class='ocrx_word' id='word_1_236' title='bbox 81 3193 145 3263; x_wconf 67' lang='lat' dir='ltr'><strong>ginta</strong></span> <span class='ocrx_word' id='word_1_237' title='bbox 170 3192 275 3267; x_wconf 83' lang='lat' dir='ltr'><strong>pedum</strong></span> <span class='ocrx_word' id='word_1_238' title='bbox 304 3206 351 3246; x_wconf 89' lang='lat' dir='ltr'><strong>aut</strong></span> <span class='ocrx_word' id='word_1_239' title='bbox 372 3192 488 3245; x_wconf 75' lang='lat' dir='ltr'><strong>fortassis</strong></span> <span class='ocrx_word' id='word_1_240' title='bbox 509 3192 590 3245; x_wconf 88' lang='lat' dir='ltr'><strong>etiam</strong></span> <span class='ocrx_word' id='word_1_241' title='bbox 676 3194 967 3267; x_wconf 76' lang='lat' dir='ltr'><strong>11.Hodiequecrrtant</strong></span> <span class='ocrx_word' id='word_1_242' title='bbox 982 3216 1075 3251; x_wconf 83' lang='lat' dir='ltr'><strong>manus.</strong></span> <span class='ocrx_word' id='word_1_243' title='bbox 1090 3198 1145 3249; x_wconf 61' lang='lat' dir='ltr'><strong>uo»</strong></span> 
     </span>
     <span class='ocr_line' id='line_1_31' title="bbox 82 3271 1146 3347; baseline 0.003 -19"><span class='ocrx_word' id='word_1_244' title='bbox 82 3271 304 3343; x_wconf 69' lang='lat' dir='ltr'><strong>plurimum.</strong></span> <span class='ocrx_word' id='word_1_245' title='bbox 632 3271 938 3345; x_wconf 78' lang='lat' dir='ltr'><strong>dieqnecontentioest‚</strong></span> <span class='ocrx_word' id='word_1_246' title='bbox 951 3278 1146 3347; x_wconf 71' lang='lat' dir='ltr'><strong>quecujosao·</strong></span> 
     </span>
     <span class='ocr_line' id='line_1_32' title="bbox 117 3351 1146 3427; baseline 0.004 -21"><span class='ocrx_word' id='word_1_247' title='bbox 117 3372 143 3422; x_wconf 81' lang='lat'><strong>9.</strong></span> <span class='ocrx_word' id='word_1_248' title='bbox 167 3356 262 3407; x_wconf 78' lang='lat' dir='ltr'><strong>Pteron</strong></span> <span class='ocrx_word' id='word_1_249' title='bbox 284 3371 409 3405; x_wconf 72' lang='lat' dir='ltr'><strong>omrem.</strong></span> <span class='ocrx_word' id='word_1_250' title='bbox 433 3351 488 3404; x_wconf 76' lang='lat' dir='ltr'><strong>lias</strong></span> <span class='ocrx_word' id='word_1_251' title='bbox 512 3368 591 3405; x_wconf 81' lang='lat' dir='ltr'><strong>voces</strong></span> <span class='ocrx_word' id='word_1_252' title='bbox 633 3351 711 3407; x_wconf 81' lang='lat' dir='ltr'><strong>tiliois</strong></span> <span class='ocrx_word' id='word_1_253' title='bbox 732 3372 826 3407; x_wconf 83' lang='lat' dir='ltr'><strong>mansu</strong></span> <span class='ocrx_word' id='word_1_254' title='bbox 844 3353 873 3407; x_wconf 83' lang='lat' dir='ltr'><strong>in</strong></span> <span class='ocrx_word' id='word_1_255' title='bbox 893 3372 926 3409; x_wconf 90' lang='lat' dir='ltr'><strong>eo</strong></span> <span class='ocrx_word' id='word_1_256' title='bbox 941 3374 1022 3427; x_wconf 80' lang='lat' dir='ltr'><strong>opere</strong></span> <span class='ocrx_word' id='word_1_257' title='bbox 1045 3358 1146 3427; x_wconf 83' lang='lat' dir='ltr'><strong>primos</strong></span> 
     </span>
     <span class='ocr_line' id='line_1_33' title="bbox 80 3430 864 3503; baseline 0.003 -20"><span class='ocrx_word' id='word_1_258' title='bbox 80 3434 132 3503; x_wconf 77' lang='lat' dir='ltr'><strong>typi</strong></span> <span class='ocrx_word' id='word_1_259' title='bbox 158 3435 290 3489; x_wconf 76' lang='lat' dir='ltr'><strong>hactenm</strong></span> <span class='ocrx_word' id='word_1_260' title='bbox 319 3431 420 3501; x_wconf 65' lang='lat' dir='ltr'><strong>sulpiti</strong></span> <span class='ocrx_word' id='word_1_261' title='bbox 443 3430 591 3502; x_wconf 72' lang='lat' dir='ltr'><strong>protermi-</strong></span> <span class='ocrx_word' id='word_1_262' title='bbox 633 3432 761 3487; x_wconf 86' lang='lat' dir='ltr'><strong>obtineat.</strong></span> <span class='ocrx_word' id='word_1_263' title='bbox 773 3432 864 3487; x_wconf 79' lang='lat' dir='ltr'><strong>Hisn.</strong></span> 
     </span>
     <span class='ocr_line' id='line_1_34' title="bbox 80 3509 1147 3586; baseline 0 -21"><span class='ocrx_word' id='word_1_264' title='bbox 80 3529 148 3565; x_wconf 85' lang='lat' dir='ltr'><strong>sere:</strong></span> <span class='ocrx_word' id='word_1_265' title='bbox 163 3532 232 3585; x_wconf 79' lang='lat' dir='ltr'><strong>quae</strong></span> <span class='ocrx_word' id='word_1_266' title='bbox 245 3523 274 3565; x_wconf 93' lang='lat' dir='ltr'><strong>et</strong></span> <span class='ocrx_word' id='word_1_267' title='bbox 289 3510 320 3564; x_wconf 90' lang='lat' dir='ltr'><strong>in</strong></span> <span class='ocrx_word' id='word_1_268' title='bbox 332 3510 441 3564; x_wconf 78' lang='lat' dir='ltr'><strong>vetustis</strong></span> <span class='ocrx_word' id='word_1_269' title='bbox 456 3509 591 3563; x_wconf 75' lang='lat' dir='ltr'><strong>codicibus</strong></span> <span class='ocrx_word' id='word_1_270' title='bbox 676 3530 721 3567; x_wconf 84' lang='lat' dir='ltr'><strong>rs.</strong></span> <span class='ocrx_word' id='word_1_271' title='bbox 737 3512 936 3583; x_wconf 68' lang='lat' dir='ltr'><strong>Vigintiqrmtuor</strong></span> <span class='ocrx_word' id='word_1_272' title='bbox 949 3516 1076 3586; x_wconf 70' lang='lat' dir='ltr'><strong>gradibus.</strong></span> <span class='ocrx_word' id='word_1_273' title='bbox 1096 3520 1147 3572; x_wconf 74' lang='lat' dir='ltr'><strong>Er.</strong></span> 
     </span>
     <span class='ocr_line' id='line_1_35' title="bbox 81 3588 1146 3671; baseline 0.01 -30"><span class='ocrx_word' id='word_1_274' title='bbox 81 3588 218 3647; x_wconf 77' lang='lat' dir='ltr'><strong>Turnebus</strong></span> <span class='ocrx_word' id='word_1_275' title='bbox 230 3604 294 3645; x_wconf 83' lang='lat' dir='ltr'><strong>ante</strong></span> <span class='ocrx_word' id='word_1_276' title='bbox 303 3608 353 3643; x_wconf 87' lang='lat' dir='ltr'><strong>nos</strong></span> <span class='ocrx_word' id='word_1_277' title='bbox 363 3588 440 3644; x_wconf 82' lang='lat' dir='ltr'><strong>vidit.</strong></span> <span class='ocrx_word' id='word_1_278' title='bbox 453 3594 549 3660; x_wconf 75' lang='lat' dir='ltr'><strong>Ilrspci</strong></span> <span class='ocrx_word' id='word_1_279' title='bbox 561 3589 590 3643; x_wconf 87' lang='lat' dir='ltr'><strong>in</strong></span> <span class='ocrx_word' id='word_1_280' title='bbox 633 3604 694 3645; x_wconf 84' lang='lat' dir='ltr'><strong>rant</strong></span> <span class='ocrx_word' id='word_1_281' title='bbox 708 3592 896 3664; x_wconf 82' lang='lat' dir='ltr'><strong>Dalcoampius</strong></span> <span class='ocrx_word' id='word_1_282' title='bbox 912 3607 940 3647; x_wconf 86' lang='lat' dir='ltr'><strong>et</strong></span> <span class='ocrx_word' id='word_1_283' title='bbox 960 3596 1085 3663; x_wconf 77' lang='lat' dir='ltr'><strong>Allatius,</strong></span> <span class='ocrx_word' id='word_1_284' title='bbox 1099 3600 1146 3671; x_wconf 88' lang='lat' dir='ltr'><strong>qui</strong></span> 
     </span>
     <span class='ocr_line' id='line_1_36' title="bbox 80 3668 1147 3747; baseline 0.007 -24"><span class='ocrx_word' id='word_1_285' title='bbox 80 3687 108 3723; x_wconf 82' lang='lat' dir='ltr'><strong>re</strong></span> <span class='ocrx_word' id='word_1_286' title='bbox 124 3670 295 3725; x_wconf 75' lang='lat' dir='ltr'><strong>adilimtoria</strong></span> <span class='ocrx_word' id='word_1_287' title='bbox 316 3671 389 3723; x_wconf 84' lang='lat' dir='ltr'><strong>muri</strong></span> <span class='ocrx_word' id='word_1_288' title='bbox 408 3668 464 3723; x_wconf 90' lang='lat' dir='ltr'><strong>duo</strong></span> <span class='ocrx_word' id='word_1_289' title='bbox 481 3683 543 3723; x_wconf 89' lang='lat' dir='ltr'><strong>sunt</strong></span> <span class='ocrx_word' id='word_1_290' title='bbox 562 3670 591 3723; x_wconf 86' lang='lat' dir='ltr'><strong>iu</strong></span> <span class='ocrx_word' id='word_1_291' title='bbox 634 3670 685 3724; x_wconf 84' lang='lat' dir='ltr'><strong>hos</strong></span> <span class='ocrx_word' id='word_1_292' title='bbox 695 3688 759 3723; x_wconf 82' lang='lat' dir='ltr'><strong>mv</strong></span> <span class='ocrx_word' id='word_1_293' title='bbox 768 3671 990 3744; x_wconf 72' lang='lat' dir='ltr'><strong>gradusabbasin</strong></span> <span class='ocrx_word' id='word_1_294' title='bbox 999 3678 1147 3747; x_wconf 84' lang='lat' dir='ltr'><strong>pyramidis</strong></span> 
     </span>
     <span class='ocr_line' id='line_1_37' title="bbox 81 3749 1147 3826; baseline 0.008 -23"><span class='ocrx_word' id='word_1_295' title='bbox 81 3749 247 3805; x_wconf 82' lang='lat' dir='ltr'><strong>altitudinem</strong></span> <span class='ocrx_word' id='word_1_296' title='bbox 265 3762 470 3821; x_wconf 71' lang='lat' dir='ltr'><strong>consurgentes,</strong></span> <span class='ocrx_word' id='word_1_297' title='bbox 491 3749 592 3803; x_wconf 85' lang='lat' dir='ltr'><strong>alsrum</strong></span> <span class='ocrx_word' id='word_1_298' title='bbox 635 3750 957 3806; x_wconf 73' lang='lat' dir='ltr'><strong>iuisseantumsntsnulli</strong></span> <span class='ocrx_word' id='word_1_299' title='bbox 968 3756 1039 3808; x_wconf 85' lang='lat' dir='ltr'><strong>enim</strong></span> <span class='ocrx_word' id='word_1_300' title='bbox 1051 3756 1147 3826; x_wconf 77' lang='lat' dir='ltr'><strong>gradus</strong></span> 
     </span>
     <span class='ocr_line' id='line_1_38' title="bbox 82 3826 1149 3909; baseline -0.002 -24"><span class='ocrx_word' id='word_1_301' title='bbox 82 3826 166 3885; x_wconf 80' lang='lat' dir='ltr'><strong>instar.</strong></span> <span class='ocrx_word' id='word_1_302' title='bbox 176 3828 252 3885; x_wconf 88' lang='lat' dir='ltr'><strong>Vide</strong></span> <span class='ocrx_word' id='word_1_303' title='bbox 264 3828 422 3883; x_wconf 73' lang='lat' dir='ltr'><strong>strabum</strong></span> <span class='ocrx_word' id='word_1_304' title='bbox 432 3830 478 3881; x_wconf 87' lang='lat' dir='ltr'><strong>lib.</strong></span> <span class='ocrx_word' id='word_1_305' title='bbox 496 3828 594 3893; x_wconf 84' lang='lat' dir='ltr'><strong>xvu,</strong></span> <span class='ocrx_word' id='word_1_306' title='bbox 636 3828 671 3885; x_wconf 84' lang='lat' dir='ltr'><strong>sd</strong></span> <span class='ocrx_word' id='word_1_307' title='bbox 683 3829 831 3900; x_wconf 79' lang='lat' dir='ltr'><strong>pyramidis</strong></span> <span class='ocrx_word' id='word_1_308' title='bbox 839 3832 916 3885; x_wconf 83' lang='lat' dir='ltr'><strong>bosio</strong></span> <span class='ocrx_word' id='word_1_309' title='bbox 929 3833 1018 3888; x_wconf 83' lang='lat' dir='ltr'><strong>luere:</strong></span> <span class='ocrx_word' id='word_1_310' title='bbox 1031 3835 1088 3907; x_wconf 74' lang='lat' dir='ltr'><strong>ipsa</strong></span> <span class='ocrx_word' id='word_1_311' title='bbox 1099 3856 1149 3909; x_wconf 77' lang='lat' dir='ltr'><strong>py.</strong></span> 
     </span>
     <span class='ocr_line' id='line_1_39' title="bbox 84 3908 1150 3987; baseline 0.005 -22"><span class='ocrx_word' id='word_1_312' title='bbox 84 3927 138 3981; x_wconf 73' lang='lat' dir='ltr'><strong>pag.</strong></span> <span class='ocrx_word' id='word_1_313' title='bbox 153 3912 218 3966; x_wconf 80' lang='lat' dir='ltr'><strong>sos.</strong></span> <span class='ocrx_word' id='word_1_314' title='bbox 231 3912 328 3981; x_wconf 85' lang='lat' dir='ltr'><strong>Itaque</strong></span> <span class='ocrx_word' id='word_1_315' title='bbox 339 3910 423 3981; x_wconf 72' lang='lat' dir='ltr'><strong>ptem,</strong></span> <span class='ocrx_word' id='word_1_316' title='bbox 434 3926 480 3961; x_wconf 90' lang='lat' dir='ltr'><strong>seu</strong></span> <span class='ocrx_word' id='word_1_317' title='bbox 492 3908 594 3962; x_wconf 84' lang='lat' dir='ltr'><strong>alarum</strong></span> <span class='ocrx_word' id='word_1_318' title='bbox 637 3909 922 3981; x_wconf 69' lang='lat' dir='ltr'><strong>ramisgradibusxsrv</strong></span> <span class='ocrx_word' id='word_1_319' title='bbox 928 3916 1080 3981; x_wconf 75' lang='lat' dir='ltr'><strong>constabat,</strong></span> <span class='ocrx_word' id='word_1_320' title='bbox 1088 3918 1150 3987; x_wconf 92' lang='lat' dir='ltr'><strong>qui·</strong></span> 
     </span>
     <span class='ocr_line' id='line_1_40' title="bbox 84 3987 1150 4060; baseline 0.006 -17"><span class='ocrx_word' id='word_1_321' title='bbox 84 3987 533 4058; x_wconf 72' lang='lat' dir='ltr'><strong>vicecolnmnneeioere,qoihns</strong></span> <span class='ocrx_word' id='word_1_322' title='bbox 545 3989 596 4041; x_wconf 88' lang='lat' dir='ltr'><strong>im·</strong></span> <span class='ocrx_word' id='word_1_323' title='bbox 638 3989 689 4044; x_wconf 83' lang='lat' dir='ltr'><strong>bus</strong></span> <span class='ocrx_word' id='word_1_324' title='bbox 713 3989 771 4060; x_wconf 86' lang='lat' dir='ltr'><strong>ipsa</strong></span> <span class='ocrx_word' id='word_1_325' title='bbox 796 3990 1009 4057; x_wconf 60' lang='lat' dir='ltr'><strong>accumbans,</strong></span> <span class='ocrx_word' id='word_1_326' title='bbox 1035 4008 1066 4048; x_wconf 89' lang='lat' dir='ltr'><strong>ut</strong></span> <span class='ocrx_word' id='word_1_327' title='bbox 1089 3998 1150 4051; x_wconf 80' lang='lat' dir='ltr'><strong>satis</strong></span> 
     </span>
     <span class='ocr_line' id='line_1_41' title="bbox 82 4066 1150 4149; baseline 0.008 -26"><span class='ocrx_word' id='word_1_328' title='bbox 82 4070 162 4140; x_wconf 76' lang='lat' dir='ltr'><strong>posita</strong></span> <span class='ocrx_word' id='word_1_329' title='bbox 176 4066 278 4124; x_wconf 89' lang='lat' dir='ltr'><strong>deinde</strong></span> <span class='ocrx_word' id='word_1_330' title='bbox 301 4068 422 4142; x_wconf 78' lang='lat' dir='ltr'><strong>pyramis</strong></span> <span class='ocrx_word' id='word_1_331' title='bbox 436 4068 533 4133; x_wconf 81' lang='lat' dir='ltr'><strong>sltem,</strong></span> <span class='ocrx_word' id='word_1_332' title='bbox 555 4067 596 4121; x_wconf 90' lang='lat' dir='ltr'><strong>uti</strong></span> <span class='ocrx_word' id='word_1_333' title='bbox 639 4070 781 4140; x_wconf 82' lang='lat' dir='ltr'><strong>perspicue</strong></span> <span class='ocrx_word' id='word_1_334' title='bbox 804 4088 836 4125; x_wconf 82' lang='lat' dir='ltr'><strong>ex</strong></span> <span class='ocrx_word' id='word_1_335' title='bbox 855 4072 936 4125; x_wconf 89' lang='lat' dir='ltr'><strong>Plinii</strong></span> <span class='ocrx_word' id='word_1_336' title='bbox 954 4074 1043 4128; x_wconf 76' lang='lat' dir='ltr'><strong>verbis</strong></span> <span class='ocrx_word' id='word_1_337' title='bbox 1056 4075 1150 4149; x_wconf 85' lang='lat' dir='ltr'><strong>liquet.</strong></span> 
     </span>
    </p>
   </div>
   <div class='ocr_carea' id='block_1_4' title="bbox 967 4181 1029 4266">
    <p class='ocr_par' dir='ltr' id='par_1_4' title="bbox 967 4181 1029 4266">
     <span class='ocr_line' id='line_1_42' title="bbox 967 4181 1029 4266; baseline 0 -27"><span class='ocrx_word' id='word_1_338' title='bbox 967 4181 1029 4266; x_wconf 75' lang='lat'><strong>29²</strong></span> 
     </span>
    </p>
   </div>
   <div class='ocr_carea' id='block_1_5' title="bbox 0 0 1480 5000">
    <p class='ocr_par' dir='ltr' id='par_1_5' title="bbox 0 0 1480 5000">
     <span class='ocr_line' id='line_1_43' title="bbox 0 0 1480 5000; baseline 0 3"><span class='ocrx_word' id='word_1_339' title='bbox 0 0 1480 5000; x_wconf 95' lang='lat' dir='ltr'><strong> </strong></span> 
     </span>
    </p>
   </div>
  </div>
 </body>
</html>
