2950 5000
382 423 386 433 ’
417 456 578 525 meru
602 459 765 526 xxxv.
1057 453 1127 526 283

95 586 149 660 lum
166 604 210 662 cst
229 587 386 662 felicitatis
406 590 596 684 specimen,
625 615 727 684 quarn
751 613 882 684 semper
902 613 1019 660 omnes
1043 592 1128 660 scire

94 720 211 788 cupere,
235 695 337 790 qualis
355 695 456 765 fuerit
473 693 600 789 aliquis.
622 697 726 766 Asinii
748 694 904 766 Pollionis
923 696 990 764 boc
1010 698 1127 765 Romu

92 800 272 887 iuventum’⁹‚
284 803 339 896 qui
351 803 478 895 primus
489 800 722 872 bibliothecam
737 787 1060 895 dicando³⁰‚ingenia
1073 803 1128 874 bo

92 909 196 976 mirrtuu
206 908 444 1003 rempublicam
456 892 576 978 lecit³¹.
586 911 639 978 Au
651 894 1127 1003 priorcs³²coeperinttllexnm

90 1077 147 1130 ciens
168 1078 255 1150 aliquia
273 1077 375 1132 desedit
396 1077 430 1133 ad
457 1078 569 1150 ignem:
614 1079 724 1133 Viventi
745 1099 804 1133 mos
823 1079 908 1152 qualis
933 1092 1013 1134 erat:
1031 1079 1078 1134 sed
1100 1094 1128 1136 et

90 1156 252 1229 Dinaedipsa
261 1158 570 1212 suisnaauibua‘l'rirouia
612 1161 704 1231 arrigit
717 1160 788 1212 auris
803 1161 917 1212 Dextera
932 1179 974 1226 ee,
993 1159 1125 1214 Phoebum

89 1236 162 1300 laxit,
180 1239 303 1308 Corporis
323 1237 416 1292 insessi
433 1236 571 1309 quondm
613 1242 724 1310 sepiens
752 1237 846 1296 andire
873 1240 1043 1310 loquentem,
1069 1240 1127 1294 llut

89 1332 132 1366 aon
149 1315 300 1371 immernor:
318 1317 375 1387 ipaa
393 1317 501 1389 Quippe
522 1336 571 1388 per
613 1317 647 1372 de
658 1320 746 1374 Pierio
756 1318 903 1390 nympham
916 1337 1003 1390 grege,
1018 1319 1126 1372 volvere

88 1413 111 1446 oa
127 1397 203 1466 magni
221 1408 312 1449 cantus
330 1395 426 1449 edebat
442 1393 569 1460 Homeri,
613 1416 702 1450 secum
711 1397 1123 1452 Multaanimomanilestaildee:

87 1473 195 1538 (ἕωωη,
212 1476 326 1541 Phoebe,
345 1476 406 1529 tibi.
420 1475 472 1534 ¹Sic
490 1493 570 1547 quem
612 1475 808 1549 namqueedita
818 1494 882 1530 cura
892 1477 1022 1549 Exadyto
1033 1477 1127 1530 mentis

87 1551 328 1624 vicepatrisadoro‚
341 1554 490 1609 blaeouides
499 1555 572 1608 stetit
612 1575 686 1610 nunc
715 1557 785 1623 buc,
810 1576 884 1611 nuuc
907 1557 1127 1626 vertitur-illuc,

86 1630 229 1688 besentun
235 1634 572 1706 pretemvidernrnutee,
613 1637 700 1690 Teaat
716 1648 748 1690 ut
761 1635 901 1690 armisonae
918 1635 1019 1690 Sirenis
1035 1636 1127 1689 nobile

86 1709 122 1764 aed
132 1712 176 1766 boc
191 1716 290 1768 ιωίηιιι
305 1727 362 1777 est,
374 1727 402 1769 et
417 1714 514 1768 abillo
527 1713 570 1768 di·
614 1731 731 1770 carmen.
748 1741 760 1764 ι
777 1717 868 1770 Haeo.
1126 1780 1128 1784 .

86 1790 174 1846 tiorori
187 1794 274 1848 Gratia
287 1815 294 1847 a
307 1793 473 1848 conveniunt
485 1795 572 1864 gravi·
655 1813 702 1863 ²9.
724 1796 808 1848 Asinii
833 1795 951 1848 Pollionis
974 1795 1018 1845 lece
1043 1795 1132 1846 Romae

85 1879 115 1921 tas
130 1884 154 1924 st
167 1874 274 1926 capabile
291 1871 422 1946 quiddam
441 1891 449 1926 ε
468 1872 571 1928 Blanda
612 1875 877 1928 incombinatus
892 1873 925 1926 de
937 1893 970 1926 eo
985 1875 1013 1925 in
1025 1874 1124 1926 Aucto·

85 1950 212 2004 ineundo
223 1955 346 2025 majestas
363 1953 435 2006 lueet
452 1953 481 2006 iu
499 1971 568 2005 ore:
612 1973 674 2007 rum
687 1953 789 2008 Indice.
814 1952 867 2006 Sed
889 1951 1023 2010 Isidorum
1043 1951 1126 2015 audi,

85 2026 169 2083 Innatat
183 2031 210 2084 iu
222 2028 303 2086 curib
315 2051 398 2086 caum
410 2034 514 2085 cervice
524 2051 570 2086 co·
612 2033 707 2105 Origg.
721 2034 776 2099 VI,
793 2031 807 2086 ὅ
822 2051 829 2086 s
842 2055 853 2078 ι
867 2035 958 2085 Rornre
974 2031 1076 2102 primur
1092 2030 1125 2083 li-

83 2109 175 2176 tyrsbus
185 2111 291 2166 vertice
300 2111 571 2177 descendeus‚etcir·
611 2113 725 2166 brorum
746 2113 850 2183 copiam
879 2111 984 2165 adserit
1003 2111 1128 2164 AEmilins

84 2189 244 2244 cunfunditur
267 2209 356 2246 aures.
373 2191 466 2244 blento
486 2191 571 2246 barba
612 2193 724 2256 Paulus,
751 2193 830 2245 Perse
858 2189 1034 2244 Macedonum
1064 2209 1128 2261 rege

83 2265 162 2321 tadeus
179 2270 261 2340 spatio
284 2270 445 2340 dispescitur
464 2272 571 2340 amplo,
610 2270 740 2325 devicto:
755 2270 854 2324 deiude
873 2270 1003 2324 Lucullus
1025 2287 1040 2321 e
1062 2271 1127 2322 Par-

83 2343 189 2401 lollibus
200 2350 245 2403 illa
257 2351 321 2422 pilis
333 2351 472 2420 multoque
492 2351 569 2404 solu·
612 2350 684 2404 thies
698 2349 796 2422 preda.
812 2351 875 2404 Post
889 2351 938 2404 bos
952 2351 1040 2402 Cesar
1053 2347 1127 2402 dedit

83 2424 152 2490 niue,
166 2447 212 2481 uec
230 2448 257 2482 ae
275 2431 357 2501 Cogit
372 2430 399 2482 iu
412 2442 571 2500 angustum,
612 2430 776 2484 bhvarroui
784 2431 920 2503 negotium
929 2447 1005 2482 causa
1014 2430 1130 2480 maxime

82 2503 119 2557 red
128 2507 171 2561 late
182 2509 312 2573 excurrit,
327 2522 354 2563 et
366 2510 436 2562 inira
447 2510 481 2563 Et
493 2510 572 2563 vestie
612 2510 783 2564 bibliothece
795 2507 991 2564 conservandae.
1006 2508 1128 2561 Primum

82 2582 145 2638 duel
163 2600 199 2641 est
222 2607 254 2643 ea
278 2588 411 2660 pectoris,
437 2600 465 2642 et
491 2587 572 2642 decus
613 2598 703 2643 autem
715 2591 807 2643 Romae
823 2590 997 2643 bibliothecas
1009 2588 1128 2658 publicu-

81 2663 131 2718 aris.
149 2665 222 2721 liuda
244 2669 334 2723 comis
358 2668 432 2722 irone
452 2680 492 2721 est
515 2687 522 2721 :
545 2680 574 2722 et
614 2669 653 2723 sit
680 2668 784 2730 Pottio,
816 2686 914 2739 graecas
942 2667 1021 2721 simul
1047 2682 1129 2737 atque
1199 2694 1201 2699 ·

80 2740 139 2797 adesa
153 2747 276 2819 sapientia
299 2748 402 2812 fronti,
421 2745 503 2801 Unda
521 2747 571 2801 sibi
612 2746 831 2812 latinas,additis
848 2761 987 2802 auctorum
1008 2747 1129 2817 imagini·

81 2836 152 2876 nuru
161 2825 237 2881 ducet
248 2846 319 2899 puer
327 2840 427 2881 :exuat
436 2827 573 2897 utrimque
613 2828 665 2881 bus
677 2828 707 2880 in
719 2828 802 2893 auio,
816 2826 889 2899 quod
900 2826 934 2880 de
945 2827 1128 2880 Dalmatarum

80 2898 165 2961 Uultu
177 2905 457 2978 superciliitnaenqaae
469 2924 512 2959 arr
522 2908 574 2959 boc
615 2907 748 2961 manubiis
769 2906 1061 2977 magnificentissimum
1084 2909 1126 2959 iu·

80 2984 174 3048 provida
191 2986 291 3041 sallum
315 2984 478 3049 Addiderat,
494 2986 573 3039 vacui
614 2999 755 3040 struxerat.
770 3009 782 3031 ι
799 2984 891 3037 llanu.

78 3062 184 3119 theut
195 3066 256 3137 quia
271 3068 384 3120 luminis
395 3066 484 3119 orbes.
497 3066 575 3137 Aspi-
658 3066 704 3120 ao.
721 3066 896 3118 Bibliothecura
911 3064 1024 3117 dando.
1045 3062 1129 3117 Dedi-

79 3138 138 3194 tiens
148 3162 244 3197 coeeum
259 3164 318 3198 non
331 3162 421 3215 posses
441 3144 573 3197 credere:
616 3144 721 3207 cando,
734 3143 930 3205 consecrando,
945 3145 1047 3213 publici
1064 3145 1130 3214 juris

78 3227 136 3274 tauta
153 3223 279 3279 Obscuris
297 3225 383 3279 oculis
402 3222 517 3277 admixta
532 3236 572 3276 est
617 3223 750 3279 iaciendo.
767 3223 869 3277 Plinius
885 3224 976 3295 junior
989 3224 1017 3286 1,
1033 3242 1075 3293 ep.
1096 3227 1131 3287 8,

78 3301 161 3367 vatia:
172 3304 234 3357 ielis
247 3303 413 3358 Hocvitium
425 3315 477 3365 est,
490 3304 572 3356 labes-
615 3303 740 3357 meminit
764 3328 776 3353 ι
794 3302 924 3355 sermonis
947 3304 1003 3374 ejus
1016 3340 1025 3365 ,
1049 3320 1131 3374 quem

78 3384 263 3447 moestorum
275 3382 380 3454 proluit
389 3383 454 3447 arti,
467 3383 505 3435 Ut
517 3400 573 3435 ma·
615 3381 689 3455 apud
706 3382 854 3452 municipes
876 3399 937 3434 snos
954 3382 1067 3447 babuit,
1089 3382 1132 3435 bi·

77 3456 110 3523 tia
132 3478 161 3514 ea
187 3464 243 3517 imo
276 3463 387 3515 veniens
416 3464 460 3515 lux
489 3459 572 3515 eorde
615 3463 777 3516 bliotheeam
792 3458 995 3514 dedicaturus.»
1010 3461 1102 3514 Hsan.

77 3548 170 3608 W.
193 3542 329 3597 Nonnihil
348 3542 495 3595 introrsum
513 3558 571 3595 sese
655 3542 703 3595 31.
719 3543 778 3593 Item
794 3541 916 3609 publicem
931 3540 1002 3609 ficit.
1028 3540 1133 3595 Publici

76 3631 138 3671 taret
152 3634 263 3693 utraque
279 3621 364 3685 ursle,
383 3621 505 3692 Utraque
519 3620 574 3674 sul·
618 3621 687 3693 juris
701 3620 773 3674 lecit.
789 3620 883 3675 Hero.

77 3708 139 3750 estur
152 3702 238 3771 rugis,
252 3700 303 3755 sed
322 3701 430 3770 utrique
448 3712 579 3755 venustus
661 3707 705 3754 32.
720 3701 764 3753 An
781 3704 874 3769 priores
895 3700 1012 3769 ruperint.
1034 3698 1135 3753 Scribit

78 3770 115 3829 Pet
124 3778 215 3847 pudor,
228 3782 257 3833 iu
268 3779 341 3835 socia
351 3780 447 3851 recipit
456 3779 502 3851 qui
512 3777 577 3833 sede
620 3779 716 3834 Galen.
732 3781 839 3835 Comm.
854 3780 868 3831 1
887 3780 916 3831 in
932 3778 1015 3848 llipp.
1029 3776 1064 3831 de
1080 3779 1134 3831 Na·

78 3853 199 3921 Mum.
208 3862 291 3914 Errat
299 3860 356 3930 apis
368 3860 470 3913 circum
481 3857 576 3914 divino
619 3871 678 3913 tura
688 3860 763 3913 bum.
774 3858 847 3911 inter
857 3855 1027 3912 Alexandria
1036 3868 1064 3910 et
1074 3859 1135 3909 Per·
1147 3876 1157 3903 .-

79 3935 575 4010 ratisiuure,Pieriospariturafavos.
620 3936 1138 4011 gamiregencontentionemluisse,quie

78 4008 158 4069 llaass
168 4018 248 4073 altera
256 4020 374 4089 palmam
385 4017 502 4071 Alterius
514 4036 578 4089 por·
621 4020 700 4090 plura
712 4032 832 4072 veterum
847 4016 981 4070 volumina
996 4033 1135 4086 compara·

79 4100 122 4155 Ν,
140 4095 247 4152 buculus
266 4110 397 4152 sustentat
419 4108 578 4169 unamque,
621 4099 747 4153 ret'l'um
759 4094 1140 4152 veromultosnbboorinibus
