2950 5000
449 441 606 510 LIBER
632 444 839 513 XXXVII.
1108 438 1210 514 635·

105 572 225 643 Indiae²
228 572 337 704 ,appd
352 568 476 642 incolas
484 574 626 642 Caucasi
641 574 765 643 montis
780 574 964 668 Phycaros,
982 573 1072 669 apud
1088 575 1188 645 Sacas

104 696 139 749 et
160 666 304 749 Dahas³
307 677 555 773 ,amplitudine
578 683 779 774 conspicua,
801 680 859 749 sed
879 678 1027 749 fistulosa
1054 704 1093 748 ac
1115 706 1186 749 sor·

103 784 200 854 dium
215 786 325 881 plena.
340 786 507 854 sincerior
521 784 627 855 multo
643 788 919 881 praestantiorque
929 773 985 853 in⁴
998 788 1186 856 Carmania.

104 894 301 986 Utrobique
317 906 428 969 autem
447 892 482 959 in
497 892 662 986 rupibus
653 894 749 962 inviis
768 906 801 960 et
824 892 952 988 gelidis,
976 890 1064 961 oculi
1078 892 1186 987 figura

104 1000 329 1083 extuberans,
355 996 538 1091 leviterque
560 998 752 1090 adbaerens,
770 1023 833 1068 nec
858 1012 897 1066 ut
918 1013 1039 1095 agnata
1069 1000 1187 1092 petris,
1220 1016 1224 1030 ’

104 1105 164 1173 sed
193 1120 236 1173 ut
255 1106 416 1199 apposita.
439 1104 669 1192 Quamobrem
695 1104 854 1174 scandere
880 1104 922 1172 ad
949 1128 1023 1173 eam
1052 1106 1185 1199 pigritia

104 1210 236 1305 pedum
260 1224 429 1305 equestres
450 1209 593 1304 populos
613 1210 729 1297 tader,
748 1210 844 1279 s'imul
864 1224 897 1279 et
914 1208 1099 1304 periculum
1119 1225 1185 1279 ter·

102 1332 166 1386 ret.
182 1319 276 1411 Ergo
289 1316 399 1385 fundis
412 1340 432 1384 e
446 1315 650 1412 longinquo'
641 1332 831 1402 incessunt,
846 1330 879 1386 et
890 1340 966 1385 cum
980 1330 1052 1385 toto
1066 1340 1196 1386 musco
1192 1352 1220 1387 ι

103 1424 294 1492 excutiunt.
316 1426 391 1492 Hoc
406 1421 561 1517 vectigal,
582 1423 649 1491 hoc
670 1437 721 1491 est
739 1437 908 1518 gestamen
929 1424 963 1489 in
984 1408 1130 1492 cervioe⁵
1148 1446 1188 1491 ac

104 1528 222 1625 digitis
245 1529 480 1624 gratissimum
509 1532 572 1598 Hic
597 1552 738 1613 census,
771 1530 843 1598 haec
868 1526 972 1624 gloria
1000 1553 1019 1596 a
1047 1529 1209 1629 pueritia

103 1635 317 1729 dejectorum
331 1659 507 1703 numerum
523 1634 815 1728 praedicantium'
784 1688 794 1721 ,
806 1660 841 1702 ιιι
851 1659 918 1728 quo
929 1636 1022 1702 varia
1038 1633 1184 1703 fortuna.

103 1740 259 1831 Quidam
281 1743 350 1809 ictu
374 1742 485 1835 primo
509 1764 628 1835 cepere
650 1739 843 1836 praeclaras‚
872 1739 967 1809 multi
992 1738 1189 1809 insectando

104 1845 229 1915 nullas.
247 1849 292 1915 Et
311 1860 451 1915 venatus
469 1846 604 1939 quidem
618 1846 764 1916 callaidis
779 1846 861 1917 talis
883 1848 1021 1915 Sectura
1041 1842 1188 1914 forman-

103 1966 176 2039 tur,
201 1951 284 2021 alias
308 1951 451 2047 fragiles.
478 1954 637 2047 Optimus
659 1951 753 2022 color
781 1938 992 2046 smaragdi⁶:
1015 1966 1054 2019 ut
1076 1963 1225 2020 tament

104 2071 267 2154 apparet,
281 2083 322 2127 ex
335 2057 461 2127 alieno⁷
478 2058 633 2152 estquod
649 2059 812 2178 placeant.
825 2056 967 2128 lnclusae
985 2057 1190 2127 decorantur

105 2188 218 2251 auro,
244 2174 428 2258 aurumque
455 2163 554 2233 nullae
580 2166 687 2259 magis
712 2164 841 2233 decent.
866 2165 951 2252 Quae
973 2177 1051 2232 sunt
1071 2186 1187 2231 earum

104 2218 340 2365 puleliriores,
357 2270 450 2354 oleo,
463 2284 647 2365 unguento,
658 2284 692 2339 et
710 2296 804 2357 mero
824 2269 969 2339 colorem
990 2268 1188 2363 deperdunt.

105 2376 257 2446 Viliores
272 2378 476 2447 constantius
493 2362 774 2471 repraesentantb
766 2400 898 2471 .neque
914 2374 983 2445 est⁹
997 2372 1190 2445 imitabilior

149 2593 179 2628 a.
193 2573 257 2624 Part
276 2589 359 2624 arerra
374 2571 462 2624 trata.
476 2571 541 2624 Post
559 2571 623 2624 nlti-
666 2572 726 2637 nia,
737 2571 765 2624 in
779 2571 892 2642 rupibus
900 2568 1012 2642 gelidis,
1023 2570 1093 2624 oculi
1104 2567 1189 2624 modo

104 2650 310 2708 mamlndiam.
324 2652 415 2704 ilcan.
666 2652 836 2704 extuberans.
850 2677 862 2698 »
885 2651 988 2703 Verum
1009 2668 1092 2721 quum
1113 2669 1186 2721 equa·

149 2734 180 2786 3.
190 2732 271 2802 Apud
285 2729 364 2783 Sacas
376 2743 401 2782 et
411 2729 508 2782 Dahas.
525 2731 566 2782 De
582 2729 625 2783 bia
666 2731 932 2800 rampopalarbarnrn
941 2749 1107 2800 gemmarum
1115 2746 1191 2782 aern-

105 2813 216 2885 egimus
227 2811 275 2864 lib.
292 2810 341 2863 Vl.
357 2811 513 2864 Permutato
527 2811 623 2862 verbo·
669 2822 767 2863 tator-ea
781 2809 884 2862 Plinius
896 2809 976 2880 paulo
988 2827 1051 2862 mox
1060 2809 1190 2879 appellat,

105 2911 171 2946 rum
187 2889 285 2943 ordine
298 2889 326 2941 in
341 2891 406 2960 Reg.
417 2903 444 2942 et
455 2889 576 2944 Colbert.
588 2909 622 2954 a,
667 2891 813 2943 Carmanos
826 2889 1009 2960 potiusquam
1023 2889 1188 2952 Germanos,

105 2971 188 3026 &aar
198 2969 267 3040 apud
279 2968 367 3020 Dabar
379 2969 482 3039 legitur.
499 2971 536 3020 At
547 2969 574 3020 in
590 2969 624 3020 li·
666 2967 769 3040 quivis,
784 2966 865 3020 credo
879 3005 886 3031 ,
902 2967 1027 3020 cordatus
1043 2966 1188 3038 intelligat.

106 3052 168 3104 bria
188 3051 317 3103 hactenns
339 3047 419 3101 editis
442 3061 568 3117 corrupte
591 3066 624 3101 ea
711 3047 738 3100 5.
756 3047 886 3101 Gnatam
900 3049 925 3100 ιἰι
941 3049 1037 3099 cervice.
1050 3044 1188 3109 Isidorus,

106 3127 625 3203 geminavoceanaconflatnr,aaAsda·
667 3127 745 3198 Orig.
766 3127 814 3178 lib.
836 3125 918 3190 XVI,
931 3143 989 3196 cap.
1013 3143 1046 3194 17
1063 3143 1070 3178 :
1087 3123 1187 3178 ·rtihi1

107 3225 159 3263 aas.
176 3207 346 3279 Iampridem
366 3208 404 3260 ita
424 3205 623 3260 emendandum
664 3203 810 3278 jucundius
825 3206 930 3258 aurium
946 3204 1052 3258 decena.
1064 3228 1076 3251 ι
1101 3205 1186 3256 Broc.

106 3289 255 3344 Salmasius
263 3305 371 3359 qnoque
383 3285 495 3339 viderat.
506 3285 542 3338 H.
707 3289 733 3338 6.
750 3285 825 3338 Color
830 3285 965 3354 smaragdi.
975 3285 1069 3348 Qualis
1079 3284 1107 3336 in
1118 3301 1186 3337 anaa-

152 3375 182 3430 Α.
196 3368 229 3420 la
240 3368 382 3420 Carmania.
397 3365 624 3419 stellariorum
666 3364 751 3438 ragdo
765 3365 892 3418 cernitur.
911 3365 1002 3418 llann.

107 3448 230 3540 vulgati,
247 3460 278 3501 at
296 3445 409 3516 opinor,
424 3457 503 3498 recte
517 3445 623 3498 Nihilo·
709 3463 736 3516 7.
751 3446 796 3496 Er
808 3445 896 3497 ιι.ίιίιιο
910 3446 950 3497 Ex
971 3441 1183 3496 accersitonito·

108 3527 203 3580 minua
222 3527 299 3580 tiss.
316 3543 423 3588 omnes,
436 3527 462 3576 ιἰι
479 3525 624 3579 Germania.
667 3543 718 3578 re·
730 3541 829 3595 nempe
853 3541 883 3576 ex
906 3543 972 3577 auro
995 3541 1050 3594 quo
1073 3521 1183 3574 inclutas

108 3607 188 3672 Quin
210 3618 238 3658 et
255 3605 377 3668 soboas,
390 3623 449 3675 cap.
461 3623 495 3656 xx
504 3623 554 3674 ,.p
570 3611 624 3669 41,
668 3603 835 3657 decorantur.
852 3603 946 3658 Ηιιιιι.

107 3699 253 3778 postquam
281 3685 317 3738 de
338 3687 447 3736 succino
472 3683 624 3737 Germaniae
709 3686 737 3737 8.
753 3683 910 3736 &asenarius
930 3692 1111 3752 representaret.
1124 3653 1187 3733 der·

108 3765 206 3837 egit,
194 3766 246 3816 In
254 3763 404 3818 Germaniae
415 3763 624 3827 continentibus,
668 3776 732 3815 rant
746 3763 876 3815 colorem.
892 3762 984 3816 Ηιιιιι.

108 3845 219 3916 inquit,
239 3843 354 3898 callaica
375 3843 524 3913 reperitur,
544 3861 625 3913 quam
710 3859 737 3909 9.
762 3843 847 3922 Neque
861 3854 898 3893 ιιι
921 3841 1069 3893 imitabilior.
1087 3837 1183 3906 Neque

109 3941 244 3994 gemmam
269 3923 390 3976 Arabicis
416 3934 621 3992 anteponunt·
669 3933 709 3973 est
723 3921 776 3974 alia
800 3939 919 3993 gemma,
933 3939 1012 3992 qnam
1034 3918 1130 3972 melius
1149 3917 1189 3968 vi·

111 4003 257 4058 laidorna'
248 4016 312 4055 rtem
315 4002 409 4072 ,Or-ig.
420 4002 468 4054 lib.
481 4003 547 4054 xv}
553 4019 626 4071 ,cap
670 3997 1189 4056 nammentitasimilitudineimitetar.

113 4100 174 4151 72·
162 4078 451 4146 «ttaoeimriulndie,
463 4081 506 4134 rel
517 4080 628 4134 Germa·
670 4077 763 4133 Hian.
