2950 5000
425 442 581 512 LIBER
605 442 766 512 XXXV.
1060 440 1131 527 425

83 591 194 646 tautum
210 575 401 663 assumitur,
415 573 538 645 inutilis
559 573 814 647 versicoloribus
830 599 838 641 ι
857 587 892 642 et
909 589 960 645 est
976 550 1133 646 vilissima

83 686 213 754 omnium
232 681 383 753 Cimoliae
397 705 555 777 generum
574 704 582 748 ι
600 683 776 777 pretiosior
789 679 972 769 Umbrica,
988 697 1022 752 et
1033 707 1133 777 quam

83 804 187 858 vocant
212 813 339 860 saxum.
364 790 553 883 Proprietas
576 787 692 876 saxi¹⁰,
713 787 804 883 quod
825 789 943 858 crescit
961 788 996 856 in
1020 793 1170 858 uince-3

83 895 172 965 raudo
184 923 193 964 ι
205 911 306 990 atque
317 893 465 990 pondere
479 895 612 984 emitur,
626 893 681 964 illa
691 893 1055 965 mensura¹¹.Umbrica
1066 921 1135 966 non

82 1000 133 1070 uisi
148 1001 307 1097 poliendis
326 1001 472 1072 vestibus
484 1002 672 1072 assumitur.
685 1001 804 1096 Neque
814 1003 901 1070 enim
913 1000 1133 1096 pigebithnnc

81 1131 195 1203 quoque
213 1122 342 1203 partem
357 1109 538 1203 attingere,
556 1133 661 1202 quum
674 1105 728 1177 lex
741 1105 905 1178 Metella¹²
919 1121 1024 1179 exstet
1036 1107 1132 1179 fullo·

81 1213 163 1284 nibus
191 1215 296 1302 dicta,
323 1239 423 1310 quam
450 1216 488 1284 C.
511 1213 714 1298 Flaminius,
744 1216 783 1283 L.
802 1212 954 1282 AEmilius
979 1239 1134 1285 censores

80 1317 185 1390 dedere
196 1321 238 1390 ad
249 1320 412 1416 populum
423 1319 604 1390 ferendam.
614 1319 707 1390 Adeo
723 1321 834 1390 omnia
849 1320 1030 1450 majoribus
1044 1345 1133 1391 curae
1152 1342 1168 1390 ι

80 1423 169 1495 luere.
192 1429 283 1522 Ergo
302 1427 386 1498 ordo
401 1426 457 1496 lsic
471 1441 537 1496 est:
530 1427 697 1522 .primum
716 1425 862 1496 abluitur
876 1424 987 1496 vestis¹
989 1411 1133 1512 ³Sarda,

79 1529 143 1600 dein
164 1532 322 1629 sulphure
343 1531 498 1602 suffitur:
522 1557 601 1602 mox
616 1533 859 1627 desquamatur
878 1530 1038 1619 Cimolia,
1059 1557 1134 1627 quae

79 1652 120 1706 est
134 1637 250 1710 coloris
261 1641 342 1710 veri.
353 1643 497 1708 Fucotus
510 1640 598 1708 enim
611 1638 889 1733 deprehenditur,
900 1639 1133 1734 nigrescitque,

79 1755 106 1811 et
126 1745 272 1828 funditur
292 1744 463 1842 sulphure
486 1747 594 1815 Veros
617 1760 728 1815 autem
757 1760 791 1814 et
812 1747 975 1840 pretiosos
1002 1743 1132 1816 colores

79 1849 191 1920 emollit
209 1850 372 1938 Cimolia,
393 1865 427 1920 et
442 1851 588 1947 quodam
609 1854 717 1922 nitore
735 1849 897 1921 exhilarat
921 1853 1133 1925 contristatos

78 1954 234 2076 sulphure.
251 1956 411 2028 Candidis
431 1957 579 2026 vestibus
603 1981 719 2029 saxum
745 1943 891 2027 utilius¹⁴
914 1955 1135 2053 osulphum,

77 2059 233 2134 inimicum
253 2062 429 2134 coloribus.
454 2063 583 2135 Graecia
604 2090 666 2160 pro
689 2062 833 2134 Cimolia
850 2063 1057 2188 Tymphaico
1076 2066 1137 2134 uti·

76 2181 154 2238 turo
132 2157 276 2268 g¹⁵.ypso

77 2333 193 2392 iohulul.
206 2350 257 2394 act.
265 2338 319 2404 IV,
328 2355 399 2392 scen.
408 2341 462 2408 9,6
476 2354 483 2390 :
499 2336 579 2402 ·Qui
621 2353 714 2390 eorum
724 2335 946 2408 cognominibus,
959 2335 1085 2407 quileges
1094 2347 1138 2389 ta·

78 2416 161 2478 restim
171 2430 199 2472 et
215 2429 287 2473 oreta
301 2417 436 2471 occultant
453 2435 523 2481 sese,
540 2429 579 2471 at·
621 2414 676 2469 lere
685 2454 693 2482 ,
710 2416 918 2486 appellationem
942 2435 986 2470 eas
1007 2417 1137 2488 accepisse

77 2512 121 2565 qne
136 2496 246 2565 sedent,
260 2497 337 2571 quasi
351 2496 405 2551 sint
419 2497 500 2567 frugi.
515 2523 526 2547 ι
546 2496 581 2551 Η.
621 2515 677 2549 ιιοιι
692 2493 849 2551 diffitemur.
863 2495 916 2550 Sed
931 2496 1070 2551 transierat
1080 2496 1137 2549 tte-

77 2578 144 2635 -la
156 2580 271 2633 wsibm.
296 2578 329 2631 In
350 2577 437 2635 insula
457 2576 579 2644 Cimols,
622 2576 1025 2649 tellicognonseninpsoprium
1036 2594 1137 2629 nomen

77 2654 240 2728 l'Argesm'b-e,
261 2655 297 2713 ad
316 2655 476 2713 dealbandas
495 2670 579 2711 vestes
621 2654 728 2709 lamiliae
739 2655 924 2709 Metellorum.
936 2655 1137 2710 lisam-Cen·

77 2734 218 2792 etiamnunc
252 2750 322 2791 terra
351 2736 466 2793 Cimolia
497 2748 579 2791 utun·
621 2754 694 2789 som.
716 2736 796 2788 Anno
811 2735 912 2789 scilicet
924 2736 1009 2789 Urbis
1023 2733 1137 2790 conditae

78 2826 122 2868 tar.
132 2818 183 2871 En.
624 2814 680 2869 535
691 2853 699 2881 ,
710 2826 740 2868 ut
753 2814 876 2870 Broterio
892 2816 986 2886 placet.
1003 2816 1056 2869 Eu.

113 2915 151 2949 ιο.
172 2898 317 2967 Proprietas
338 2900 403 2949 saxi.
427 2894 582 2966 Proprietas
665 2893 710 2949 13.
724 2895 1035 2948 Prsirsumablus'turvestis
1044 2892 1135 2947 Sarda.

78 2976 125 3044 ejus
141 2989 235 3041 cretas,
261 2994 342 3047 φιιιιι
357 2993 450 3028 saxum
465 2987 579 3041 vocant,
622 2972 714 3028 Primo
726 2975 970 3029 restesablunntos
984 2970 1137 3029 Sardscre-

42 3118 43 3121 Ἴ
79 3053 142 3121 qnod
155 3054 405 3127 crescitdumsqua
421 3068 578 3109 praemotus.
622 3066 661 3108 ta:
671 3052 1132 3145 deindesulphuresuliomigsntur:

79 3129 158 3189 flssn.
620 3146 685 3187 mox
698 3131 1031 3204 desquamsnturCimolia
1038 3135 1137 3203 ,cujus

113 3232 154 3269 ιι.
160 3216 210 3273 llla
218 3233 337 3269 masura.
344 3210 427 3268 Sarda
436 3230 580 3272 strumen
622 3213 697 3267 color
717 3212 753 3265 sit
775 3212 901 3266 sincerus.
924 3214 1038 3267 Fucstus
1064 3212 1136 3265 enim

77 3308 128 3357 stirs
139 3296 245 3349 emitur.
261 3295 353 3349 lisso.
622 3290 848 3364 deprehenditur,
857 3303 906 3345 etc.
921 3292 1013 3348 ιιιιιιι.
1018 3324 1059 3337 -
1068 3292 1137 3345 Fuss-

113 3391 151 3427 ιι.
164 3374 217 3427 Les
226 3374 336 3435 Metella.
349 3372 440 3431 latam
451 3372 580 3427 sbi-Ille·
623 3372 690 3425 ditur
704 3372 825 3443 suluisse.
838 3372 926 3425 Grun.
939 3385 967 3426 et
976 3372 1020 3426 At.
1030 3372 1139 3440 effundi-

77 3450 141 3519 tiliu,
162 3453 210 3527 qui
224 3454 332 3507 tertium
351 3454 476 3507 tribunus
494 3452 581 3524 plebis
625 3464 671 3505 tur.
684 3452 735 3504 En.

77 3528 147 3589 fuisse
160 3532 352 3599 dicitur‚ann.
367 3533 404 3585 U.
425 3531 498 3599 354,
514 3532 579 3585 olim
667 3537 712 3595 ιι.
730 3530 851 3584 Candidis
861 3530 968 3584 ικιιίιιιι
987 3550 1073 3584 susum
1092 3534 1139 3583 usi·

77 3607 249 3685 dio-sequuti
264 3610 486 3677 diximusmunc
508 3611 582 3665 timi·
624 3612 679 3665 lius.
706 3608 835 3665 Candidis
850 3610 968 3663 vestibus
986 3622 1058 3663 creta
1081 3611 1140 3664 νιιι·

77 3685 156 3746 diores
173 3692 253 3758 aeti,
266 3692 430 3747 sconstsnti
450 3708 581 3745 consensu
624 3691 708 3763 garis,
722 3708 782 3762 quse
796 3708 887 3743 saxum
903 3701 1032 3757 vocatur,
1045 3689 1140 3743 utilior

77 3766 198 3825 librorum
218 3790 341 3828 omnium
352 3769 504 3830 discedere
519 3770 582 3823 reli·
624 3782 663 3825 est
668 3782 832 3863 ,postquam
847 3769 976 3839 sulphure
990 3769 1138 3823 suntsusli·

78 3865 141 3917 pom
134 3849 278 3905 ducimus
291 3852 383 3921 ltaque
395 3852 479 3921 legem
487 3849 582 3905 Metel·
625 3863 673 3904 tss:
686 3848 794 3903 inimica
810 3849 945 3913 vestibus,
957 3848 1140 3920 quosiutco·

78 3918 137 3980 lau'
136 3931 314 4001 reposuimus.
335 3932 383 3985 Est
396 3928 507 4002 quidem
525 3929 581 3983 Me·
624 3931 682 3985 lore
696 3929 786 4000 aliquo
800 3928 914 3986 inlecto.
928 3928 1019 3981 Hnu.

80 4007 138 4059 tellus
149 4010 318 4065 Ceciliorurn
332 4028 491 4102 cognomen.
502 4015 583 4063 Ano·
670 4009 716 4063 ι5.
734 4008 971 4081 Tymphas‘coutisur
980 4027 1069 4079 gypso.
1082 4006 1142 4059 No·

80 4087 183 4143 minibus
211 4103 300 4145 autern
326 4088 458 4163 propriis,
479 4108 533 4143 nou
549 4088 582 4143 ιιιι
627 4108 689 4143 rnen
708 4087 735 4143 id
750 4087 827 4161 gypsi
845 4107 928 4159 genus
942 4087 1142 4157 behetsTym·
