2950 5000
253 476 308 580 C.
346 477 587 581 PLlNIl
620 474 963 583 SECUNDI

93 733 623 860 NATURALIS
661 734 1139 859 HISTORIAE

362 999 557 1090 mnan
594 997 842 1087 xxxvi.

297 1244 918 1283 μ--ιόῠῡ--κ-η

88 1443 109 1508 l.
122 1431 173 1533 (ι.)
189 1385 388 1513 Larinum
406 1455 525 1510 natura
535 1455 652 1528 restat,
663 1441 729 1510 hoc
741 1455 808 1526 est,
823 1439 990 1536 praecipua
1005 1467 1138 1512 morum
1162 1472 1171 1511 r

87 1549 209 1631 insania;
231 1551 330 1618 ctiam
350 1563 390 1617 ut
413 1573 551 1642 gemmae
574 1572 652 1619 cum
675 1548 838 1633 succinis,
858 1561 958 1641 atque
979 1549 1139 1643 crystalli·

86 1653 155 1740 nis¹,
179 1655 421 1750 murrhinisque
440 1653 606 1723 sileantur.
622 1654 746 1723 Omnia
765 1677 928 1748 namque,
945 1678 1019 1748 quae
1036 1681 1140 1750 usque

85 1760 194 1830 adhoc
213 1759 370 1832 volumen
394 1763 626 1846 tractavimus,
644 1760 819 1830 hominum
840 1783 938 1830 causa
959 1761 1070 1852 genita
1087 1765 1140 1831 vi·

84 1866 144 1935 deri
161 1883 307 1962 possunt.
322 1870 457 1936 Montes
470 1881 589 1936 natura
606 1866 666 1936 sibi
683 1866 808 1936 fecerat
821 1865 864 1934 ad
878 1865 1038 1962 quasdam
1054 1893 1141 1938 com·

84 1973 189 2068 pages²
214 1973 340 2045 telluris
368 1974 548 2044 visceribus
570 1971 775 2059 densandas,
808 1971 906 2042 simul
926 1971 969 2040 ud
997 1973 1141 2069 impetus

84 2079 243 2151 fluminum
267 2079 472 2166 domandos,
493 2080 680 2174 fluctusque
698 2078 922 2174 frangendos,
942 2103 983 2148 ac
1005 2081 1140 2150 minime

83 2188 196 2280 quietas
211 2201 324 2282 partes
338 2185 538 2257 coercendas
557 2184 730 2256 durissima
743 2187 793 2255 sui
807 2186 956 2255 materia.
972 2186 1140 2258 Caedimus
1160 2225 1174 2258 ι

84 2293 154 2382 hos,
172 2293 416 2390 trahimusque,
438 2290 529 2362 nulla
551 2289 634 2380 alia,
654 2317 754 2388 quam
778 2291 990 2375 deliciarum,
1016 2317 1139 2380 causa,

82 2425 156 2494 quos
171 2403 412 2472 transcendisse
425 2423 559 2495 quoque
571 2401 694 2469 mirum
708 2398 781 2468 fuit
804 2400 845 2468 ln
859 2413 1016 2494 portento
1032 2425 1138 2494 prope

81 2509 212 2601 majores
220 2506 368 2578 habuere
378 2506 479 2603 Alpes
487 2505 529 2576 ab
543 2505 729 2576 Hannibale
741 2520 970 2603 exsuperatas,
981 2520 1015 2575 et
1026 2522 1141 2601 postea

81 2616 273 2686 aCimbris:
296 2640 386 2685 nunc
405 2616 484 2710 ipsae
502 2612 674 2683 ceduntur
696 2614 730 2684 in
751 2610 841 2683 mille
858 2636 981 2708 genera
1000 2638 1142 2685 marmo

81 2746 146 2791 rum
161 2748 169 2789 ε
185 2723 416 2819 promontoria
429 2720 624 2816 aperiuntur
638 2720 736 2804 mari,
754 2734 788 2789 et
802 2744 915 2788 rerum
935 2733 1054 2789 natura
1070 2723 1140 2815 agi·

81 2841 128 2897 tur
139 2830 171 2898 in
185 2828 332 2923 planum.
346 2828 528 2897 Evehimus
542 2850 599 2915 ea,
612 2851 685 2922 quae
703 2823 895 2920 separandis
913 2825 1067 2923 gentibus
1079 2852 1141 2922 pro

81 2936 220 3005 terminis
231 2936 411 3005 constituta
420 2948 709 3028 crantznavesque
720 2957 926 3002 marmorum
936 2956 1036 3003 causa
1045 2932 1140 3004 fiunt·

80 3064 113 3109 ac
137 3041 354 3138 perductus,
375 3040 587 3111 sevissimam
613 3064 725 3109 rerum
752 3054 880 3108 natura
904 3053 1051 3133 partem,
1074 3040 1142 3109 huo

80 3148 148 3222 illuc
183 3163 364 3245 portantur
392 3148 473 3245 juga
482 3131 506 3235 ³,
531 3146 657 3240 majore
684 3146 865 3216 etiamnum
891 3147 1007 3229 venia,
1039 3170 1140 3240 quam

79 3280 172 3353 qrrum
197 3255 240 3325 ad
262 3254 401 3353 fn‘g'idos
422 3266 521 3349 potus
546 3276 605 3323 vas
626 3252 750 3349 petitur
772 3253 807 3321 in
828 3238 976 3341 nubila⁴,
993 3250 1140 3348 caeloque

112 3406 134 3460 1.
152 3422 177 3460 ι.
194 3400 582 3477 Clystallr'arlr.Gronor.etAl.
616 3438 625 3465 ,
667 3404 694 3465 l.
716 3400 798 3469 Quam
814 3418 885 3471 quum
906 3398 942 3451 ad
948 3400 1058 3471 frigidos
1068 3413 1141 3471 potus

79 3496 143 3559 atque
157 3486 268 3556 crystalli
280 3502 333 3535 cum
349 3482 547 3557 myrdu'nisAEn.
627 3482 776 3551 ampetitur
795 3484 820 3531 in
841 3480 933 3534 nubila.
957 3480 1015 3533 Etsi
1042 3482 1141 3535 mirum
1197 3530 1207 3545 ,

114 3568 191 3621 :Ad
195 3566 312 3637 quasdam
319 3559 501 3635 compagemd
507 3578 583 3633 quaa·
628 3579 711 3633 genus
724 3556 852 3627 loquendi
865 3558 1004 3620 videatur,
1016 3571 1106 3613 tamen
1116 3572 1143 3615 et

77 3640 132 3699 dam
147 3660 226 3700 terroe
246 3658 353 3717 partes,
372 3644 470 3715 quibus
483 3654 584 3695 caetersa
627 3640 665 3693 sic
680 3640 727 3694 lib.
740 3640 796 3701 lx,
809 3658 866 3711 cap.
879 3638 915 3694 35
927 3660 935 3695 a
946 3666 957 3688 ι
969 3636 1077 3693 Indicus
1085 3660 1141 3695 ma·

76 3728 309 3799 romprginantur,
319 3724 348 3775 in
362 3722 464 3777 telluris
476 3720 585 3776 visceri·
628 3720 700 3775 xime
712 3720 759 3773 has
768 3719 849 3772 mittit
860 3726 987 3773 οοαιηω.
998 3720 1074 3773 Inter
1084 3720 1142 3777 illas

63 3800 583 3880 ·tusoemprimendmcdensandar.lt.
628 3799 730 3854 belluas
746 3799 811 3854 tales
825 3810 978 3871 tantasque,
996 3816 1061 3871 quas
1074 3797 1142 3856 dixie

113 3886 138 3940 3.
150 3887 371 3955 Portantarjuga,
384 3894 436 3936 etc.
452 3881 540 3936 Gron.
557 3892 584 3934 ct
629 3898 704 3944 mus,
717 3898 767 3952 per
779 3892 821 3933 tot
835 3880 918 3932 maria
930 3878 1076 3943 venientes,
1088 3892 1142 3933 tam

79 3964 117 4019 ΔΙ.
130 3980 190 4021 ante
203 3962 339 4019 Haeduin.
352 3974 509 4034 «portantur
521 3964 584 4032 juga
627 3961 708 4031 longo
718 3970 849 4013 terrarum
860 3971 943 4013 unctu
952 3978 982 4023 ,e
992 3958 1071 4011 tantis
1081 3960 1143 4015 solis

78 4048 218 4113 montium
238 4047 343 4118 majore
361 4043 439 4099 ctiam
461 4041 583 4107 anania,
627 4039 786 4104 ardoribus,
801 4051 881 4111 atque
897 4037 971 4092 Indis
991 4056 1099 4112 quoque
1116 4040 1144 4092 in

80 4137 148 4179 etc·
162 4128 215 4183 En.
628 4120 727 4176 insulas
736 4131 881 4192 petuntur:
890 4132 918 4174 et
926 4116 1071 4174 admodum
1080 4137 1145 4190 pau-
