2950 5000
443 428 827 500 craaaxxxvn.
1097 426 1163 525 571

112 564 231 633 uiarum
246 565 287 631 -in
306 586 431 659 magno
450 578 579 633 terrore
600 578 681 634 erat.
707 566 876 659 Augustus
894 566 1009 657 poste'a
1033 564 1075 633 ad
1098 568 1167 633 evi·

111 670 202 739 tanda
210 671 361 740 convicia
373 671 536 765 sphingis,
546 670 842 763 Alexandrilllagni
858 670 1000 763 imagine
1012 672 1165 765 signavit.

164 778 200 845 V.
228 780 387 846 Gemmas
405 776 533 871 plures,
551 777 641 870 quod
660 779 835 872 peregrino
851 775 1019 870 appellant
1034 779 1167 845 nomine
1188 812 1200 847 ι

110 880 406 975 dactyliothecam¹,
424 884 549 978 primus
562 884 710 952 omniurn
729 879 847 951 habuit
863 885 979 951 Roma
995 884 1166 977 privignus

109 987 196 1080 Syllae
211 992 357 1058 Scaurus
367 987 389 1059 ².
412 988 545 1082 Diuque
563 986 653 1057 nulla
676 975 740 1056 alia
764 988 841 1073 luit,
859 988 966 1057 donec
989 990 1167 1083 Pompeius

106 1094 240 1188 Magnus
260 1119 336 1163 earn
350 1120 424 1189 quae
445 1095 649 1164 Mithridatis
669 1096 755 1188 regis
777 1095 903 1179 luerat,
922 1096 1008 1163 inter
1026 1094 1114 1163 dona
1132 1096 1167 1163 iu

108 1200 263 1293 Capitolio
275 1201 421 1288 dicaret,
435 1215 474 1269 ut
487 1203 537 1269 M.
554 1205 665 1270 Varro
686 1200 806 1295 aliique
828 1200 974 1293 ejusdem
989 1202 1092 1269 aetatis
1109 1224 1166 1269 au·

105 1318 202 1375 dores
218 1307 437 1391 confirmant,
454 1305 596 1376 multum
610 1305 782 1401 praelatam
798 1310 915 1377 Scauri
926 1292 949 1373 ³.
968 1310 1042 1375 Hoc
1055 1331 1165 1383 crem·

105 1408 155 1502 plo
167 1413 279 1483 Caesar
290 1413 501 1481 dictatorsex
512 1413 769 1507 dactyliothecas
780 1415 812 1481 iu
822 1412 892 1482 aede
903 1414 1043 1481 Veneris
1057 1416 1166 1481 Gene-

104 1506 195 1587 tricis⁴
211 1521 420 1588 consecravit
434 1546 443 1587 z
457 1519 637 1589 Marcellus
650 1521 792 1589 Octavia
808 1520 938 1613 genitus
948 1504 959 1544 ⁵
970 1520 1004 1587 in
1015 1517 1161 1587 Palatina

105 1622 255 1717 Apollinis
273 1610 377 1693 cella⁶
395 1648 507 1693 unam.

146 1732 203 1799 Vl.
224 1732 379 1801 Victoria
394 1746 505 1801 tamen
520 1730 576 1800 illa
589 1732 737 1826 Pompeii
754 1733 900 1826 primum
915 1730 957 1798 ad
969 1731 1163 1825 margaritas
1184 1756 1197 1792 ι

102 1836 306 1931 gemmasque
327 1862 438 1907 morea
459 1837 631 1912 inclinavit
652 1862 659 1906 :
682 1839 767 1906 sicut
788 1840 826 1907 L.
846 1836 1026 1930 Scipionis¹
1046 1851 1080 1905 et
1097 1839 1162 1907 Cn.

103 1940 225 2039 Manlii-²
243 1943 287 2011 ad
303 1942 455 2013 caelatum
478 1958 675 2039 argentum,
694 1958 803 2012 vestes
826 1942 1002 2029 Attalicas,
1022 1941 1163 2011 triclinia

101 2062 209 2117 anta:
227 2050 316 2117 sicut
333 2052 371 2118 L.
388 2036 574 2132 Mummii³,
593 2050 636 2118 ad
655 2050 829 2120 Corinthia
845 2063 878 2117 et
896 2048 1025 2118 tabulas
1045 2050 1161 2143 pictas.

101 2141 158 2238 (u.)
170 2154 207 2223 ld
219 2156 269 2223 uti
285 2155 418 2250 planius
433 2170 600 2244 noscatur,
617 2156 721 2225 rerba
732 2180 774 2224 ex
786 2157 863 2251 ipsis
880 2157 1029 2249 Pompeii
1039 2157 1161 2224 trium·

101 2326 166 2397 epist.
185 2330 256 2395 115,
275 2328 310 2382 de
324 2330 490 2383 trecenae:
507 2353 518 2374 ι
532 2330 601 2385 Nam
644 2331 712 2383 cello
726 2330 804 2383 Maro
820 2327 926 2383 AEneid.
943 2330 990 2384 lib.
1006 2332 1068 2383 vt:
1089 2356 1100 2379 ι
1116 2331 1160 2385 Ta

100 2404 168 2459 etiam
181 2410 602 2480 qaumabaentiacaesarisparti·
643 2410 786 2463 Marcellus
800 2410 859 2462 eria.
879 2436 890 2457 ι
911 2406 1003 2463 Hanc.
1136 2398 1140 2405 ’

62 2501 67 2510 ·
99 2483 312 2557 buslnngeretur,
325 2489 429 2560 siguum
443 2509 457 2542 a
470 2489 600 2545 discincto
684 2492 712 2543 6.
743 2489 867 2561 Apollinis
896 2491 965 2544 cella.
996 2488 1069 2544 Cella
1099 2508 1160 2562 para

99 2566 232 2632 petebatur.
252 2594 264 2615 ι
281 2569 386 2624 Danao.
405 2601 445 2612 --
458 2569 600 2623 Maecenatis
643 2569 737 2640 templi
752 2570 887 2634 sacratior,
907 2569 936 2622 in
954 2589 1034 2642 quam
1053 2569 1159 2640 ingredi

99 2659 160 2697 rua.
170 2647 249 2712 Quod
263 2648 292 2700 iu
308 2650 389 2702 anulo
399 2649 503 2720 signum
517 2651 599 2704 habe·
642 2649 716 2701 uelaa
730 2649 788 2702 fuit.
803 2649 845 2702 ste
859 2650 935 2703 uss,
948 2669 1019 2714 non,
1033 2663 1064 2702 ut
1077 2648 1160 2716 editi,

99 2720 150 2786 bat,
162 2725 236 2780 iduh
248 2730 400 2781 exactiones
413 2729 602 2800 pecuniarum,
643 2728 768 2799 Apollinis
778 2729 838 2781 ade.
848 2729 910 2782 Fuit
920 2741 1008 2782 autem
1021 2729 1076 2782 haec
1088 2727 1159 2783 tedet

98 2817 149 2872 quta
162 2807 275 2877 Augusti
290 2809 400 2860 nomine
418 2807 532 2872 fiebant,
546 2827 600 2862 ma·
642 2808 670 2860 in
686 2808 804 2872 Palatio,
820 2807 921 2860 decima
934 2807 1016 2861 Urbis
1029 2809 1156 2878 regione,

97 2897 153 2950 gnos
172 2897 288 2938 terrores
309 2885 468 2958 ingerebat:
484 2888 599 2942 inlauato
643 2887 717 2940 unde
735 2887 853 2940 Palatina
875 2885 954 2940 dicta.
973 2887 1017 2940 Sic
1037 2888 1157 2954 Gellius,

97 2961 223 3017 &marro
244 2966 336 3018 omine
356 2985 468 3020 coaxare
487 2986 518 3020 ea
535 2987 599 3022 mna
641 2967 771 3032 tinvtt,
793 2985 851 3038 cap.
871 2983 896 3029 r,
918 2967 956 3018 ait
975 2966 1158 3036 «Scipionem

95 3038 239 3109 lambatur.
257 3043 350 3098 liano.
642 3047 799 3099 Africanum
816 3045 958 3110 solitavisse
972 3045 1057 3098 noctis
1070 3058 1158 3099 extre·

129 3121 161 3175 V.
182 3143 207 3177 1.
228 3125 447 3198 Dactyliothecam.
465 3133 598 3181 antaentn-
642 3143 701 3190 mo,
728 3127 804 3195 priua
827 3143 907 3197 quam
932 3121 1105 3192 dilucularet,
1127 3125 1157 3179 id

96 3197 174 3267 litai,
189 3205 332 3257 anulorum
350 3205 550 3275 repositorium.
564 3205 598 3260 Η.
642 3198 803 3276 Capitolium
827 3204 971 3268 ventitare,
1002 3223 1033 3257 uc
1060 3207 1158 3276 jubere

130 3297 155 3333 a.
167 3281 283 3335 Scaurus.
303 3282 399 3337 AEdilia
414 3285 476 3349 ille,
492 3284 598 3357 dequo
642 3285 739 3354 aperiri
759 3284 850 3336 cellam
864 3284 954 3347 lotia,
970 3296 1050 3354 atque
1063 3284 1102 3337 ibi
1113 3303 1158 3337 ao·

93 3353 136 3410 hb.
148 3361 281 3428 XXXVI,
296 3381 354 3434 cap.
370 3371 416 3427 al.
432 3361 524 3419 Haan.
642 3364 698 3416 hun
712 3362 760 3415 diu
773 3362 921 3426 demorari,
936 3364 1009 3434 quasi
1023 3364 1157 3418 consulta·

128 3438 155 3490 3.
168 3441 274 3494 Multam
281 3444 411 3514 praelatam
422 3443 517 3497 Scauri.
532 3438 599 3498 Sbb·
641 3455 731 3495 turum
740 3442 774 3495 de
782 3443 917 3514 republica
927 3461 988 3496 cum
995 3444 1072 3510 Jove,
1081 3457 1131 3497 etc.
1143 3461 1156 3488 ¹

93 3510 217 3591 intellige,
227 3521 438 3594 dactyliothece.
453 3521 546 3579 Haan.
682 3523 731 3575 v1.
751 3541 775 3576 r.
792 3524 822 3574 L.
840 3523 966 3592 Scipionis.
986 3523 1107 3590 Asiatici,
1123 3523 1158 3578 de

129 3603 153 3659 4.
169 3600 199 3651 In
215 3603 268 3654 arde
282 3602 384 3655 Vaaan'a
400 3601 544 3657 Genetricis.
564 3605 597 3656 In
641 3620 696 3673 quo
709 3603 757 3654 lib.
772 3603 907 3667 XXXIII,
919 3621 978 3672 cap.
991 3602 1024 3656 53
1037 3641 1044 3664 ,
1056 3617 1081 3658 et
1093 3603 1157 3656 alibi

93 3669 259 3734 lorollaan.
592 3685 595 3691 '
641 3682 746 3752 sapius.
762 3679 851 3734 llann.

128 3752 153 3806 5.
169 3759 274 3812 Octavia
287 3764 392 3830 genitus.
407 3761 470 3814 Fuit
490 3779 520 3813 aa
540 3765 598 3815 Au·
684 3780 710 3815 a.
725 3761 773 3815 Ca.
786 3761 937 3815 Mantiane
947 3779 979 3814 eo
990 3763 1008 3814 l.
1025 3761 1155 3824 XXXIV,

93 3833 154 3898 Μ
166 3839 296 3910 principia
307 3859 395 3905 actor,
406 3847 481 3908 cujus
492 3841 539 3894 ille
549 3860 597 3894 no·
640 3857 698 3910 cap.
713 3843 741 3894 8.
755 3841 848 3892 Harrn.
859 3873 899 3884 -
912 3843 1004 3893 Vestes.
1018 3842 1121 3894 Broter.
1133 3853 1158 3893 et

72 3910 158 3970 ‚taine
187 3931 213 3972 et
242 3919 431 3973 bibliothecam
458 3920 596 3986 condidit,
640 3932 732 3984 watra,
746 3933 797 3974 etc.
813 3919 865 3972 Eo.

92 3985 257 4051 Octavianam
272 4000 442 4070 appellatam.
461 4001 530 4065 Dio,
546 3999 595 4053 lib.
683 3999 711 4050 3.
726 4001 759 4052 L.
772 3999 891 4052 Mummii.
905 3999 1015 4052 Achaici
1025 4039 1033 4063 ,
1045 4000 1092 4070 qni
1106 3999 1158 4055 Co·

94 4063 191 4140 XLIX,
214 4096 273 4150 pag.
299 4086 364 4149 417.
390 4081 432 4132 De
453 4080 505 4133 hoc
527 4081 598 4133 ttae·
640 4078 872 4149 riothamcepit,
894 4097 962 4132 anno
979 4082 1044 4134 608.
1064 4077 1097 4131 ll.
