2950 5000
441 471 598 540 LIBER
622 472 807 542 XXXVI.
1089 465 1157 566 507
1240 466 1247 478 ’

146 605 218 676 Non
234 603 399 699 patiemur
419 603 505 674 duos
524 606 639 690 Gaios,
656 603 711 674 vel
729 604 815 675 duos
839 605 1011 690 NeroneS,
1031 628 1073 672 ne
1094 603 1159 675 hac
1181 636 1213 671 ιο

104 711 222 804 quidem
247 710 353 804 gloria
373 709 471 780 famae
491 709 581 780 frui:
598 711 857 806 docebimusque
877 712 975 780 etiam
997 711 1159 780 insaniam

103 841 206 886 eorum
224 801 349 886 victam
367 818 504 912 privatis
526 818 682 912 operibus
703 821 751 886 M.
773 819 908 903 Scauri,
934 817 1028 912 cujus
1048 817 1159 886 nescio

102 946 140 991 an
153 909 315 995 ιιιΙΙΙΙῐιιι43
329 925 472 993 maxime
491 926 708 1019 prostraverit
719 949 829 994 mores
847 923 975 1010 civiles,
989 924 1161 1018 majusque

103 1030 140 1098 sit
151 1029 242 1124 Syllae
256 1028 400 1117 malum,
420 1044 513 1100 tanta
530 1032 674 1126 privigni
692 1019 887 1126 potentia⁴‘',
904 1055 1004 1125 quam
1021 1031 1162 1125 proscri-

101 1137 162 1229 ptio
176 1151 224 1205 tot
241 1136 392 1206 millium.
409 1138 473 1206 Hic
488 1137 566 1206 fecit
583 1139 618 1206 in
636 1137 792 1207 oedilitate
807 1163 865 1207 sua
879 1161 964 1232 opus
980 1137 1160 1206 monimum

101 1244 255 1329 omnium,
275 1268 349 1337 qnae
374 1268 532 1338 umquam
559 1243 651 1313 fuere
670 1245 818 1314 humana
840 1268 942 1313 manu
964 1242 1070 1330 facta,
1091 1267 1161 1313 non

100 1351 288 1443 temporaria
305 1334 446 1434 mora⁴⁵‚
467 1374 584 1420 verum
602 1351 702 1419 etiam
717 1352 908 1420 aeternitatis
929 1350 1159 1419 destinatione.

99 1454 268 1524 Theatrum
285 1456 352 1525 hoc
368 1454 440 1524 fuir.
458 1457 564 1528 Scena
580 1458 610 1526 ei
623 1443 812 1552 triplex⁴⁶in
827 1455 1034 1526 altitudinem
1047 1479 1159 1526 cocnx
1181 1491 1210 1528 ιι

100 1559 336 1646 columnarum,
353 1562 389 1630 in
410 1586 449 1632 ea
469 1564 621 1649 civitate,
642 1589 716 1658 quta
736 1589 794 1654 sen
812 1564 995 1658 Hymettias
1014 1586 1082 1631 non
1105 1577 1156 1631 tu·

99 1665 173 1736 ierat
194 1668 265 1737 sine
290 1668 416 1763 probro
439 1671 520 1738 civis
544 1657 780 1764 amplissimi⁴⁷.
809 1672 882 1738 Ima
905 1693 983 1764 pars
1009 1691 1116 1738 scenae
1143 1693 1161 1737 e

99 1797 256 1844 marmore
281 1773 367 1844 fuit:
389 1773 534 1845 mediae
557 1777 663 1862 vitro,
679 1776 830 1846 inaudito
851 1777 949 1846 etiam
969 1789 1084 1870 postea
1100 1800 1159 1870 ge-

99 1905 168 1950 nere
180 1879 319 1952 luxuriae
333 1906 342 1949 ε
356 1905 503 1970 summa,
518 1907 538 1951 e
553 1881 675 1953 tabulis
682 1869 708 1915 ⁴⁸
723 1885 891 1952 inauratis.
911 1881 1104 1970 Columnae,
1124 1897 1162 1952 ut

98 2075 227 2134 superte
235 2079 317 2135 eaput
325 2063 602 2129 Gonoordioesretm,
645 2063 676 2119 id
698 2085 767 2139 opus
794 2065 961 2120 duraturum.
983 2067 1164 2136 Tempomriam

98 2161 159 2197 aon.
168 2144 259 2208 Infra,
269 2161 302 2196 ι
314 2162 382 2197 otro
392 2163 491 2198 eriora.
503 2144 605 2197 umus
645 2147 746 2216 pariter
760 2145 852 2200 Scauri
865 2149 973 2216 euripum
991 2146 1046 2218 ipse
1060 2145 1165 2212 laudat,

98 2223 156 2276 Cato
172 2237 330 2296 propraetore.
353 2225 386 2275 In
407 2225 489 2278 altera
510 2222 605 2278 sedens
647 2225 718 2279 libro
732 2228 790 2294 ΙΙΙ,
804 2244 861 2298 cap.
877 2233 921 2290 4⁰·
939 2225 1032 2280 Haeo.

97 2303 220 2370 Victoria,
226 2302 349 2359 dextram
356 2303 488 2369 extendit,
498 2303 604 2358 sinistro
688 2309 735 2370 46.
746 2305 825 2358 Scene
836 2309 859 2358 ei
872 2307 966 2376 triplex.
976 2305 1034 2359 Hoo
1044 2318 1100 2374 est,
1113 2304 1163 2358 tri·

97 2381 202 2437 boeio
220 2383 338 2456 palmam
354 2383 431 2456 gerit.
449 2384 542 2448 infra,
561 2401 605 2437 vr·
645 2387 707 2458 ples
727 2386 911 2440 columnatio:
929 2387 1090 2458 tergeminos
1108 2403 1165 2439 sur·

97 2481 179 2520 nrm.
207 2464 353 2518 Sententia
370 2464 420 2517 sub
443 2463 486 2518 his
509 2463 604 2518 litteris
646 2485 705 2521 sum
717 2483 808 2521 versus
818 2465 1004 2521 oolumnarum
1016 2465 1092 2520 ordo.
1106 2465 1141 2520 ΙΙ.

96 2544 172 2598 latens
185 2545 243 2599 hac
257 2557 297 2597 est
311 2566 318 2595 :
331 2544 473 2599 «Victoris
487 2545 606 2615 Impera·
689 2552 737 2617 47.
757 2546 815 2599 Sirra
832 2546 921 2617 probro
940 2548 996 2599 risis
1013 2548 1164 2617 amplissimi.

98 2625 156 2677 toris
169 2625 281 2679 Curris
288 2624 481 2695 TRiomphalis
492 2624 579 2678 Nona.
588 2648 601 2672 ι
647 2626 692 2680 Ob
706 2645 750 2680 eas
764 2627 804 2680 M.
820 2627 920 2679 Brutus
933 2628 1059 2681 Crassum
1072 2628 1160 2680 Vene-

97 2703 227 2776 Colligetn
253 2704 300 2757 hie
325 2716 386 2757 sunt
413 2704 510 2757 littero
528 2701 605 2769 duta,
646 2724 705 2760 rem
721 2706 864 2779 palatinam
879 2707 1165 2761 vaeavit.Ds1.no.·-

96 2784 155 2839 Tet
170 2786 193 2838 tt
206 2806 213 2836 ε
226 2783 354 2857 qnoniam
369 2802 408 2836 ess
425 2782 462 2837 sd
483 2781 605 2837 eamdem
650 2786 717 2840 Civis
734 2788 882 2859 amplissimi.
896 2788 927 2839 L.
949 2787 1052 2851 Crassi,
1072 2799 1103 2840 nt
1123 2784 1165 2839 di·

96 2882 182 2919 vooern
203 2863 348 2937 pertinent·
362 2864 432 2935 imp.
452 2865 540 2917 cm
556 2880 607 2915 no·
648 2879 722 2921 etnm
743 2881 782 2920 est
802 2866 873 2919 libro
894 2867 989 2933 XVII,
1009 2886 1067 2939 cap.
1092 2886 1117 2932 ι,
1138 2878 1166 2919 et

96 2962 151 2997 men
162 2945 214 2998 fuit
227 2943 334 2997 Octavii
350 2943 473 3009 cemus,
486 2956 546 3015 post
558 2942 606 2995 de·
648 2946 799 3019 librihujns
812 2965 869 3017 cap.
883 2946 909 2999 3.
920 2946 1010 3000 Hsnu.

96 3024 192 3077 vietum
214 3024 379 3088 Antonium,
395 3023 540 3094 prasertim
558 3040 607 3075 an·
691 3028 739 3091 48.
753 3026 867 3091 Simena,
881 3048 895 3077 s
913 3026 1010 3079 tabuir's.
1021 3026 1072 3079 Vel
1087 3026 1165 3079 unius

96 3114 196 3175 teqnm
208 3106 347 3175 Angustus
361 3104 606 3174 cognominaretur.
648 3104 773 3159 litterulae
784 3107 935 3160 immutatio
943 3118 1054 3177 quantas
1062 3120 1163 3161 senten·

96 3182 181 3238 Haeo.
648 3186 748 3239 tiorum
772 3188 909 3239 varietates
933 3186 1040 3251 alferat,
1061 3187 1166 3240 exhor

134 3264 180 3327 43.
192 3262 326 3315 AEdiiitas.
342 3263 375 3315 In
388 3260 463 3334 quod
478 3262 523 3315 illa
538 3274 608 3315 tem·
650 3266 712 3319 loeo
729 3266 878 3337 intelligere
900 3265 976 3331 licet,
1001 3284 1080 3338 quem
1102 3266 1166 3319 libri

96 3360 143 3413 pos
154 3340 295 3406 inciderit,
309 3354 403 3397 oonua
419 3342 547 3414 Pighiem
563 3340 609 3394 di·
649 3346 751 3417 vulgati
765 3347 892 3400 haetenus
907 3346 944 3403 nio
958 3357 1165 3419 repraesentant:

97 3423 194 3488 times,
206 3440 268 3493 esp.
283 3423 412 3476 8-Hnn·
654 3451 666 3474 ι
680 3428 798 3479 Summae
830 3426 926 3479 tabulis
959 3425 1087 3479 inauratis
1119 3444 1167 3479 oo·

134 3508 181 3566 44.
199 3503 516 3574 Tanmprimgmipotentia.
528 3501 610 3556 Coei·
650 3506 762 3567 lamnis,
784 3517 816 3559 nt
838 3506 973 3559 diximus:
989 3506 1048 3559 imse
1064 3504 1168 3558 duode-

96 3580 155 3635 liam
176 3582 218 3635 ΙΙ.
236 3582 339 3635 AEmilii
358 3581 469 3647 Scauri,
486 3585 544 3654 ejus
561 3582 610 3652 qui
652 3584 850 3657 quadragenum
861 3584 970 3657 pedum.
984 3586 1169 3657 uAtquismn-

97 3664 219 3733 princeps
232 3675 337 3715 senatus
348 3661 413 3727 tute,
427 3680 552 3726 uxorem,
562 3663 611 3714 hu·
651 3684 707 3719 mas
720 3666 817 3719 tabulis
828 3666 953 3719 inauratis
960 3668 1097 3719 columnas
1106 3684 1169 3718 ιιιιι-

93 3742 137 3811 jos
154 3741 240 3795 odilis
257 3742 349 3796 &auri
367 3755 518 3813 parentem,
537 3741 610 3813 Sylla
652 3764 732 3817 quam
748 3744 815 3799 dixit
836 3766 843 3797 s
863 3747 1000 3799 columnas
1012 3746 1093 3809 imas,
1109 3760 1169 3817 quer

98 3818 205 3876 dormi
223 3822 252 3873 in
272 3821 482 3875 matrimonium.
504 3822 609 3875 Plutar-
653 3826 728 3880 fuere
741 3824 840 3878 endem
858 3827 995 3890 maximae,
1012 3824 1170 3895 duodequa-

97 3900 160 3955 drus
172 3902 203 3955 in
216 3902 379 3975 Sylla‚pag.
395 3900 460 3972 ⁴73·
477 3904 568 3956 Haan.
651 3904 800 3977 dragenum
819 3904 919 3976 pedum
943 3906 1023 3959 fuisse
1048 3904 1170 3976 superius

135 3984 182 4044 45.
190 3982 249 4035 Non
260 3987 404 4053 temporariis
412 4001 488 4036 mora.
498 3983 609 4035 Etiamsi
653 3984 800 4051 admonuit,
814 4004 874 4057 cop.
885 4006 915 4039 a:
928 4008 940 4031 ι
951 3986 1072 4039 Etiamne
1085 3998 1172 4038 tacue-

98 4077 150 4113 nou
167 4060 277 4119 mdieo
295 4062 423 4133 temporis
439 4063 544 4133 spatio,
562 4060 611 4115 sed
652 4077 732 4132 runt,
748 4064 849 4137 inquit,
872 4066 1001 4119 maximas
1018 4084 1111 4119 earum
1126 4084 1171 4119 oo·

98 4136 125 4192 in
139 4158 219 4196 omns
238 4160 326 4197 mrum
344 4141 500 4199 destinasset
519 4142 610 4197 nino
653 4146 806 4200 lnmuamm
817 4184 825 4212 ‚
838 4158 919 4219 atque
933 4144 1001 4201 odeo
1012 4144 1171 4217 duodequa-
