2950 5000
417 499 567 590 LIBER
591 499 776 568 XXXIV.
950 577 959 596 Ι
1061 521 1129 593 ²²7

84 634 508 718 amnemamnem,
521 646 555 701 et
567 655 782 728 perpurgare.
794 631 960 702 Probatur
970 627 993 656 ¹²
1007 629 1131 727 lingua,

84 753 115 808 ut
127 764 192 809 eam
206 741 307 810 siccet
320 753 415 810 tactu
427 740 551 828 statim,
568 763 787 834 saporemque
800 739 872 808 aeris
886 737 1012 807 reddat.

124 849 310 918 xxxvln.
333 849 447 916 Unum
460 846 641 915 etiamnum
655 845 728 915 aeris
741 842 939 914 miraculum
953 868 1020 914 non
1032 847 1129 916 omit·
1151 871 1161 906 ι

80 963 182 1022 tensus.
195 951 333 1022 Servilia
346 951 471 1030 familia
486 949 636 1022 illustris¹
656 952 690 1020 in
705 953 825 1037 Fastis,
836 953 990 1020 trientem
1007 977 1129 1023 aereum

79 1061 169 1150 pacit
191 1081 274 1129 auro
299 1071 336 1128 et
356 1073 510 1152 argento,
531 1073 783 1135 consumentem
804 1071 993 1152 utrumque.
1024 1059 1130 1154 Origo

77 1177 162 1258 atque
179 1180 299 1234 natura
321 1169 393 1259 ejus
407 1165 612 1259 incomperta
628 1179 679 1234 est
698 1164 790 1233 mihi.
809 1164 921 1234 Verba
942 1167 1012 1258 ipsa
1030 1164 1073 1236 dc
1092 1189 1131 1234 ea

77 1270 254 1342 rediessalae
269 1273 360 1341 senis
375 1295 513 1366 ponam:
527 1301 545 1336 a
555 1270 770 1342 Serviliorum
780 1268 903 1339 familia
915 1270 1130 1341 habettrien·

75 1387 130 1444 tem
143 1402 291 1460 sacrum,
306 1380 364 1448 cui
378 1401 507 1447 summa
525 1403 602 1448 cum
618 1401 699 1448 cura
712 1375 1023 1473 magnificentiaque
1037 1401 1131 1448 sarra

73 1486 232 1575 quanm
249 1483 402 1554 faciunt:
425 1508 528 1578 quem·
549 1483 663 1566 ferunt
683 1483 764 1554 alias
785 1485 949 1568 creuisse,
970 1482 1049 1553 alias
1071 1483 1131 1553 de·
1240 1545 1243 1554 .

72 1592 199 1661 neusse
210 1591 340 1668 videri,
358 1605 393 1660 et
405 1615 447 1658 ex
464 1615 505 1660 co
521 1605 580 1660 aut
594 1591 778 1676 honorem,
796 1604 856 1659 aut
875 1589 1129 1661 diminutionem

72 1692 187 1767 srmiliae
203 1697 399 1792 significari.
411 1727 430 1762 a

111 1805 272 1874 XXXIX.
289 1794 400 1895 (xlv.)
414 1805 567 1873 Proxime
582 1803 721 1874 indicari
736 1802 860 1873 debent
877 1801 1010 1873 metalla
1028 1803 1126 1896 ferri,
1148 1827 1161 1863 ¹

69 1909 179 2002 optimo
192 1912 407 2006 pessimoque
422 1911 499 1981 vitae
512 1911 743 1982 instrumento.
762 1909 931 2004 Siquidem
950 1910 1015 1980 hoc
1029 1909 1128 1980 tellu-

69 2036 126 2084 rem
138 2017 341 2101 scindimus,
360 2017 666 2104 serimusarbusta,
684 2017 839 2111 ponimus
861 2019 1027 2110 pomerei,
1044 2020 1129 2088 vites

67 2121 204 2214 squalore
217 2123 337 2194 deciso
357 2125 451 2192 annis
471 2124 627 2193 omnibus
647 2125 798 2218 cogimus
811 2123 1036 2218 juvenescere.
1054 2127 1128 2196 Hoc

66 2233 252 2300 excurrimus
270 2244 379 2314 tecta,
397 2227 554 2300 caedimus
570 2254 664 2315 sara,
682 2253 863 2324 omnesque
885 2227 925 2296 ad
949 2227 1030 2300 alios
1049 2255 1128 2303 usus

65 2331 141 2406 leno
156 2339 295 2407 utimur.
312 2335 377 2406 Sed
395 2335 513 2406 eodem
534 2336 574 2405 ad
597 2335 698 2419 bella,
712 2333 835 2422 caedes,
850 2333 1040 2422 latrocinia,
1058 2362 1127 2408 noo

65 2444 199 2514 cominus
223 2443 355 2532 solum,
376 2438 434 2512 sed
457 2444 555 2513 etiam
574 2440 686 2513 missili
711 2440 920 2536 volucrique,
942 2467 1031 2514 nunc
1057 2459 1126 2515 tor·

64 2552 167 2621 nentis
181 2575 348 2633 excusso,
363 2574 454 2619 nunc
471 2548 622 2635 lacertis,
638 2575 729 2619 nunc
743 2574 824 2619 vero
837 2565 984 2643 pennato
1000 2577 1007 2618 ε
1023 2576 1125 2647 quam

63 2653 337 2727 sceleratissimam
356 2656 494 2725 hnmani
516 2658 639 2751 ingenii
661 2654 811 2725 fraudem
837 2656 990 2725 arbitror.
1017 2661 1155 2755 siqui-2

62 2756 143 2848 dem,
157 2779 194 2833 ut
209 2756 319 2859 ocyus
336 2787 424 2831 mors
440 2764 629 2857 perveniret
644 2762 686 2832 ad
696 2762 886 2851 hominem,
907 2761 1017 2832 alitem
1032 2764 1120 2837 illam

60 2862 201 2959 lecimus,
227 2893 425 2966 pennasque
457 2865 547 2938 ferro
574 2868 736 2939 dedimus.
761 2868 991 2957 Quamobrem
1023 2872 1122 2970 culpa

59 2972 135 3064 epis,
153 3002 223 3047 non
242 2991 374 3046 nature
392 2976 452 3045 fiat
465 2990 611 3071 accepta.
629 2974 765 3069 Aliquot
783 2977 1015 3069 experimentis
1038 3005 1119 3074 pro·

59 3077 159 3151 batum
175 3098 230 3154 est
252 3107 355 3179 posse
373 3083 532 3152 innocens
554 3107 624 3152 esse
645 3081 781 3150 ferrum.
806 3084 848 3149 Iu
866 3081 1007 3165 foedere,
1029 3088 1119 3180 qnod

57 3186 186 3281 expulsis
201 3189 341 3285 regibus
357 3186 482 3284 populo
504 3211 645 3259 romano
664 3186 756 3258 dedit
773 3190 952 3274 Porsenna,
969 3194 1118 3264 nomina·

57 3294 106 3362 rim
122 3297 407 3392 comprehensum
423 3296 628 3378 invenimus,
653 3318 697 3363 ne
722 3294 812 3363 ferro
834 3296 897 3365 nisi
919 3297 953 3365 in
974 3300 1118 3393 agricul-

57 3400 139 3471 tura¹
150 3416 340 3473 uterentur.
355 3404 401 3471 Et
413 3399 498 3497 stylo
511 3402 655 3472 scribere
669 3402 816 3471 intutum
824 3398 847 3495 ff,
858 3416 897 3471 ut
906 3406 1119 3479 vetustissimi

88 3576 129 3613 aa.
150 3558 386 3630 Pmbarurliagua.
404 3558 495 3613 Diosc.
506 3559 558 3613 loc.
605 3556 695 3612 Plinii.
708 3557 870 3611 Libetenim
882 3556 988 3616 disertis
1001 3563 1047 3619 illa
1064 3580 1119 3625 tra.

55 3637 91 3692 ria
99 3639 131 3693 «t
143 3641 275 3694 rabum.
286 3638 378 3692 IIino.
602 3637 687 3692 latitia
703 3638 816 3691 variare.
831 3638 929 3694 Cicero
945 3642 973 3695 in
988 3644 1118 3717 Verrem,

86 3718 243 3774 XXXVIII.
259 3738 285 3774 1.
300 3718 417 3771 rumara.
433 3718 478 3770 Ob
488 3717 558 3770 mul·
602 3718 650 3771 lib.
662 3716 704 3771 111
716 3734 724 3770 z
737 3744 749 3766 ι
761 3715 834 3784 Quid
844 3728 883 3772 est
898 3720 970 3774 enim
980 3722 1081 3785 Sicilia,
1095 3728 1116 3784 si

55 3808 89 3851 tos
102 3800 273 3865 maculatus,
287 3816 318 3851 rc
331 3797 498 3868 triumphos,
511 3798 557 3870 qui
601 3798 626 3851 ei
641 3797 697 3869 agri
707 3796 853 3850 cultionem
868 3800 1047 3856 sustulerisl.
1062 3806 1116 3862 Gn,

55 3890 170 3933 mm
181 3881 213 3934 in
226 3878 323 3933 Fastis.
336 3878 560 3930 R-Dtmtrerte
644 3896 670 3931 a.
687 3878 726 3929 Et
736 3878 800 3950 stylo
813 3878 915 3931 seribere
935 3883 1052 3950 intutum,
1066 3899 1116 3942 ete.

56 3974 107 4011 u.
118 3959 236 4014 Brotex
246 3960 316 4029 Reg.
331 3957 559 4023 advertentiam.
602 3958 675 4029 Lege
690 3977 696 4008 :
713 3982 725 4005 ι
741 3956 829 4009 Etiam
843 3958 914 4029 stylo
925 3962 1040 4018 scribere
1051 3970 1119 4021 reti·

87 4038 212 4093 XXXIX.
229 4058 256 4093 ι.
273 4038 390 4106 Nascere
398 4039 446 4089 ntra·
453 4040 480 4089 r'o
490 4039 559 4108 agri·
603 4050 662 4092 tum
671 4034 845 4090 vetustissimi
857 4050 976 4094 unctores
990 4044 1120 4115 prodide.

53 4116 143 4174 dam.
153 4119 239 4176 Voss.
253 4122 280 4171 r'n
293 4120 351 4188 agri
364 4116 446 4180 mua,
460 4128 487 4171 et
505 4116 559 4171 hoc
602 4113 1120 4199 ront.·'1'angitet1uretusadsym.

630 4244 633 4249 ·
934 4214 995 4287 15²
