2950 5000
340 405 410 477 288
612 405 651 474 C.
678 406 846 478 PLINII
870 408 976 476 NAT.
1004 409 1136 478 HIST.

338 537 575 610 circumducta.
591 540 709 634 ltaque
724 537 823 609 talem
839 541 982 636 primam
995 539 1095 612 fuisse
1109 569 1118 610 ε
1131 531 1313 614 secuudam'
1323 547 1377 616 sin·

339 644 423 741 gulis
444 643 633 730 coloribus,
664 659 699 716 et
718 633 1044 716 monochromaton⁴
1068 646 1211 735 dictam,
1230 666 1379 748 postquam

305 783 319 816 a
338 753 511 848 operosior
528 751 663 820 inventa
678 766 750 820 erat
758 763 771 820 ἐ
789 751 955 846 duratque
970 751 1042 822 talis
1058 755 1266 827 etiamnunc.
1284 760 1381 828 loven

337 873 405 928 tam
431 849 591 927 linearem
609 849 939 936 dicunt'o‘Philoolc
956 842 1128 954 AEgyptio‚
1157 847 1227 940 vel⁵
1245 861 1382 934 Cleanthe

337 964 522 1034 Corinthio.
546 964 648 1032 Primi
672 987 850 1035 exercuere
875 963 1009 1034 Ardines
1032 966 1244 1055 Corinthius,
1264 983 1295 1037 et
1307 968 1384 1038 Telc-

337 1069 465 1164 phanes
476 1070 668 1164 Sicyonius,
681 1071 752 1140 sine
766 1069 833 1141 ullo
850 1071 1032 1140 etiamnum
1052 1069 1165 1141 colore
1172 1057 1198 1160 ⁶,
1213 1073 1278 1167 jam
1292 1087 1383 1144 tunm

336 1189 530 1270 spargentes
540 1174 642 1244 lineas
653 1174 766 1246 intus⁷.
778 1175 859 1246 Ideo
871 1189 905 1246 et
916 1200 1000 1270 quos
1013 1177 1206 1272 pingerent,
1222 1179 1385 1250 adscribere

337 1345 481 1417 quemdam
498 1346 634 1409 nominat,
649 1363 709 1417 pag.
726 1349 761 1399 16
778 1347 850 1400 allel
892 1345 988 1411 iorem,
1001 1347 1063 1410 XII,
1079 1365 1124 1412 ro,
1140 1353 1201 1421 pag.
1219 1349 1273 1418 893
1286 1369 1293 1403 ι
1305 1376 1315 1398 ι
1326 1349 1384 1403 Clari

337 1427 499 1498 σκιαγραφία
516 1426 559 1496 μὶν
574 1426 710 1493 abpalaione
722 1426 772 1482 tet
786 1431 851 1479 Σαυ-
892 1426 1009 1497 pictores
1030 1425 1110 1490 fruare
1131 1427 1259 1482 dicuntur
1273 1430 1385 1500 Polygno-

337 1508 402 1576 ρίου,
420 1508 495 1559 ἵππον
517 1507 541 1557 ls
564 1506 624 1575 tnta,-
645 1505 850 1575 πιριγράψαντος.
892 1517 951 1571 tus,
979 1517 1058 1577 atqua
1087 1507 1263 1580 Aglaophon,
1289 1527 1385 1579 quornm

340 1612 352 1634 a
366 1585 542 1639 Umbratilem
551 1583 851 1656 enimpicturam,equi
892 1583 1004 1654 simplex
1029 1585 1105 1640 color
1129 1599 1183 1640 tam
1209 1587 1251 1641 sui
1275 1587 1385 1642 undiosoa

336 1666 433 1718 umbra
448 1664 477 1718 in
498 1663 553 1716 sole
568 1664 768 1734 circumscripta
784 1665 850 1717 San·
891 1662 980 1716 adhuc
991 1663 1086 1729 babet,
1097 1679 1148 1718 ete.
1164 1691 1176 1714 ι
1188 1668 1386 1722 Houocbromata

335 1744 388 1797 rias
399 1744 512 1806 invenit.
526 1767 539 1792 a
552 1743 768 1796 vetustissimam
781 1743 851 1796 bano
891 1743 1078 1814 Dalecsnrpius
1098 1763 1159 1798 cum
1181 1747 1386 1818 monogrsmmis,

336 1824 468 1895 picturam
483 1823 611 1876 linearem
624 1823 788 1893 snsqpspins
805 1841 852 1876 so-
891 1839 951 1894 que
970 1822 1046 1876 t'uere
1063 1824 1161 1888 coloris
1180 1828 1310 1897 expertia,
1329 1825 1386 1878 male

335 1915 412 1968 cant,
431 1921 486 1974 quo
505 1902 614 1956 nomine
628 1899 711 1954 bodie
728 1901 850 1972 designa·
891 1899 1042 1956 confundit.
1056 1903 1149 1957 Haan.

335 2001 396 2034 suns
419 1979 651 2035 adumbrationem
678 1981 792 2052 primam
821 1981 850 2033 in
935 1983 962 2034 5.
980 1981 1029 2033 Vel
1047 1982 1165 2036 Cleanthe
1181 1984 1311 2038 anama.
1325 1983 1387 2037 Alter

335 2061 447 2131 picturae
460 2061 600 2132 operibus,
618 2079 678 2129 que
693 2060 780 2112 'veluti
798 2059 850 2112 ini·
891 2057 937 2113 bic
959 2077 973 2114 a
1000 2060 1128 2115 Cleanthe
1152 2062 1309 2129 Corinthio,
1324 2065 1388 2132 cujas

335 2141 404 2194 tium
429 2152 485 2204 est,
511 2137 704 2210 exordiumque
730 2139 849 2210 reliquo·
890 2137 1007 2210 picturus
1019 2139 1111 2194 laudat
1131 2142 1246 2209 Strabo,
1265 2143 1309 2196 lib.
1319 2143 1387 2206 vul,

334 2239 405 2273 runa.
426 2245 438 2267 ι
456 2218 667 2272 Primistantum
683 2218 800 2286 lineis,·
819 2229 850 2272 nt
890 2235 950 2290 paq.
968 2217 1140 2282 dublinen.
1177 2261 1178 2264 ,

335 2300 373 2352 ait
384 2298 577 2364 Quintilianus,
590 2299 642 2361 IV,
661 2317 691 2362 a,
703 2315 765 2368 pag.
782 2297 849 2368 517,
932 2299 1387 2356 6.Eenenum0010n.ltroceattst

334 2379 380 2432 illa
390 2379 644 2449 constabattatqne‚
656 2373 849 2444 ntidemalibi,
890 2377 974 2448 liegg.
993 2375 1099 2434 eredit.
1116 2379 1260 2452 principe,
1275 2385 1386 2433 uisum

339 2483 350 2506 ι
367 2458 449 2512 lineas
472 2454 554 2511 ruodo
578 2468 710 2510 extremas
730 2457 847 2515 umbras,
890 2457 1013 2533 bi'colore.
1029 2458 1083 2513 En.

335 2557 416 2611 quam
438 2554 552 2608 corpora
578 2536 606 2589 in
629 2536 684 2589 sole
711 2536 848 2601 iecissent,
931 2554 957 2607 7.
975 2536 1121 2608 Spargrrtes
1134 2538 1211 2591 linear
1226 2542 1299 2594 iratas.
1312 2540 1386 2593 tter·

334 2616 849 2686 circumscribebant.-Solebsthocge·
889 2614 946 2669 bec
968 2617 1075 2671 linearis
1095 2619 1200 2689 pictura
1222 2631 1275 2683 est,
1294 2619 1387 2673 rudiore

333 2716 384 2751 nus
400 2698 512 2767 picturae
525 2704 726 2764 monogrammum
741 2696 856 2760 vocari,
889 2694 934 2747 illa
961 2696 1115 2767 perfectior,
1141 2715 1201 2768 quae
1230 2700 1316 2769 primo
1339 2699 1387 2751 loon

333 2776 408 2849 qnod
420 2794 473 2829 una
482 2774 655 2847 ¹simplicique
664 2774 734 2827 linea
743 2786 848 2843 consta·
889 2776 1017 2845 explicata
1035 2789 1076 2829 est
1088 2794 1095 2829 t
1109 2794 1170 2829 narn
1186 2777 1230 2831 illa
1251 2779 1326 2831 lineis
1340 2792 1387 2832 ten·

334 2858 389 2911 bat.
402 2856 519 2918 Nonius,
529 2873 553 2907 c.
568 2873 594 2927 r,
603 2873 632 2907 n.
645 2855 698 2907 168
709 2870 717 2905 ε
728 2880 740 2901 ι
751 2853 848 2905 Mono-
889 2864 947 2906 turn
961 2854 1041 2908 fiebat
1054 2856 1340 2926 comprehendentibus
1351 2875 1387 2909 es·

333 2935 444 3008 pemani
460 2933 525 2987 dicti
541 2945 603 2987 sunt
621 2933 744 2985 homines
763 2932 848 2985 macie
888 2934 1014 2987 teriorem
1033 2932 1174 3005 pingenda
1188 2936 1228 2988 rei
1246 2938 1385 2991 ambitum:

333 3029 474 3087 pertenues
488 3031 519 3066 sc
532 3010 670 3067 decolores
683 3028 691 3064 :
706 3023 846 3065 tractnma
888 3010 945 3065 bec
963 3014 1091 3083 plurimas
1113 3012 1230 3068 addebat
1250 3017 1314 3070 alias
1330 3017 1387 3069 intus

332 3096 452 3166 pictura,
464 3111 523 3165 qne
534 3092 608 3164 prius
617 3110 697 3163 quam
711 3092 848 3144 coloribus
889 3110 940 3163 pro
953 3094 1055 3146 umbras
1070 3094 1174 3146 ratione
1186 3113 1297 3165 sparsas
1309 3094 1388 3149 Nomi·

332 3185 501 3245 corporatur,
519 3172 614 3225 umbra
631 3171 753 3243 fingitur.
774 3196 785 3218 ι
803 3168 846 3223 Ad
869 3182 969 3241 ‘natur
979 3172 1105 3225 bucoliae
1114 3173 1192 3225 etiam
1201 3176 1386 3247 propinquum

331 3272 390 3305 eam
412 3253 502 3306 allusit
529 3251 661 3321 picturam
688 3250 785 3305 Cicero
812 3249 846 3303 de
888 3250 1045 3306 imitatione.
1056 3252 1208 3315 Vitruvius,
1220 3254 1246 3315 1,
1267 3253 1387 3319 r,ubilo·

332 3333 395 3385 Nat.
413 3334 494 3385 Deor.
512 3330 557 3394 11,
577 3348 661 3401 quarn
676 3348 846 3401 monogram-
888 3330 981 3402 quitur
995 3329 1030 3384 de
1043 3331 1207 3385 architecto:
1221 3358 1232 3379 ι
1246 3334 1347 3387 Debere
1358 3332 1386 3387 ait

331 3430 390 3465 mos
402 3414 475 3465 Deos
487 3422 572 3462 vocat.
584 3408 677 3462 Harn.
888 3409 1032 3482 grapffldos
1052 3410 1188 3464 scientiam
1198 3468 1201 3473 ,
1211 3412 1325 3478 habere,
1343 3428 1385 3483 qua

374 3492 401 3545 3.
423 3488 565 3544 Secundam.
590 3488 712 3541 Alterum
728 3486 782 3540 hoc
800 3506 845 3558 ge·
887 3490 990 3543 facilius
1004 3489 1201 3561 esemplaribus
1216 3492 1309 3560 pictis,
1321 3508 1384 3564 meu

330 3589 382 3623 nus
407 3570 532 3641 picture,
553 3567 702 3621 coloratum
727 3567 844 3632 scilicet,
887 3568 951 3622 velit
959 3570 1048 3640 operis
1058 3568 1387 3639 speciem,deformarera·

331 3648 378 3703 sed
394 3649 483 3701 colore
504 3646 659 3718 unico,.qni
679 3646 776 3699 tabula
794 3644 843 3699 ¹toti
886 3646 948 3701 leat.
966 3673 977 3695 ι
1000 3648 1094 3719 Neque
1113 3649 1184 3701 enim
1205 3650 1293 3705 solent
1312 3668 1385 3703 exeu-

330 3728 468 3801 aequaliter
481 3724 627 3779 inducitur.
639 3724 731 3779 Hrrn.
886 3726 970 3798 pluria
1000 3726 1175 3781 edificiorum
1207 3729 1294 3792 aliter,
1321 3746 1384 3801 qnam

373 3816 399 3873 q.
414 3809 452 3859 Et
468 3806 684 3859 matronium.
706 3804 843 3875 Μονοχρῶ·
887 3806 993 3877 pietura
1015 3806 1110 3859 lineari
1132 3806 1243 3865 confici.
1263 3811 1318 3863 Hoc
1334 3824 1383 3860 rem

330 3908 420 3956 passa,
430 3886 471 3939 rel
479 3887 618 3957 μονόχροον,
630 3884 664 3936 ab
675 3900 731 3936 uno
741 3884 840 3937 colore.
886 3886 1025 3939 inventum
1040 3886 1152 3957 picturae
1167 3885 1279 3943 linearis
1293 3884 1383 3943 Critoni

329 3967 465 4019 Picturaru
499 3964 569 4017 hanc
601 3962 842 4017 monochromaton
886 3962 1071 4036 Athenagoras
1095 3966 1237 4035 attribuit,
1259 3969 1315 4023 loco
1336 3976 1384 4018 sats

328 4045 510 4111 Quintilianus
518 4042 634 4115 appellat
642 4043 787 4113 simplicem
797 4060 843 4095 co·
886 4043 933 4099 cit.
946 4042 1036 4095 Haan.
