2950 5000
344 421 417 493 626
611 411 659 491 C.
686 422 853 491 PLINlI
882 423 985 493 NAT.
1013 427 1144 495 HIST.

343 580 487 649 rumque
502 554 654 627 sordidos
671 580 712 625 ac
727 580 861 651 semper
879 556 1019 652 fulgoris
1037 559 1187 629 horridi:
1210 562 1390 655 AEthiopicos

343 664 499 756 pingues,
527 661 702 791 lucemque
727 686 795 731 non
818 664 1021 749 emittentes,
1050 680 1108 733 aut
1133 666 1321 751 fimdentes,
1344 666 1389 735 sed

321 768 526 837 'convoluto
548 767 641 864 igne'
679 768 829 863 flagrare.
855 768 1063 839 Callistratus
1085 770 1250 864 fulgorem
1271 772 1386 843 carbun-

342 873 408 943 culi
424 874 546 944 debcre
566 868 744 943 candidbm
759 899 830 943 esse
845 861 987 968 positi¹⁶,
1006 890 1158 945 extremo
1174 881 1246 949 visu
1264 877 1389 948 nubilan-

342 994 411 1049 tem
427 998 435 1042 τ
450 983 477 1049 si
491 978 673 1061 attollatur,
692 980 961 1051 exardescentem
978 1007 985 1048 :
1005 981 1050 1050 ob
1067 982 1101 1051 id
1112 1007 1133 1050 a
1145 981 1307 1079 plerisque
1318 984 1389 1051 httnc

307 1097 323 1150 3
341 1085 583 1157 carbunculum
600 1084 780 1155 candidum
795 1088 920 1155 vocari.
939 1088 1007 1176 Qui
1021 1086 1210 1183 languidius
1227 1115 1267 1161 ac
1282 1088 1389 1159 lividius

340 1217 382 1261 cx
411 1192 536 1261 Indicis
562 1191 694 1275 lucent,
723 1190 912 1261 lithizontas
940 1192 1144 1288 appellari¹⁷.
1165 1194 1389 1265 Carchedonios

339 1296 446 1368 multo
463 1300 608 1367 minores
625 1322 715 1367 esse:
734 1298 870 1367 Indicos
887 1300 987 1371 etiam
1004 1301 1038 1367 in
1054 1302 1187 1369 sextarii
1203 1304 1299 1371 unius
1316 1324 1388 1369 meu·

250 1492 255 1500 Ι
338 1428 451 1474 suram
466 1390 616 1473 cavari¹⁸.
630 1402 821 1491 Archelaus,
832 1404 1083 1475 Carchedonios
1097 1407 1249 1499 nigrioris
1260 1420 1389 1502 aspectus

337 1534 427 1597 esse,
453 1510 512 1579 sed
531 1512 626 1602 igue,
646 1507 699 1577 vel
719 1508 804 1594 sole,
828 1524 863 1579 et
883 1510 1101 1581 inclinatione
1112 1511 1137 1549 ¹⁹
1157 1514 1283 1594 acrius,
1303 1534 1386 1606 quam

337 1630 493 1702 ceteros,
514 1616 661 1685 excitari.
696 1615 838 1685 Eosdem
870 1615 1048 1687 umbrante
1072 1632 1162 1686 tecto
1173 1618 1197 1642 ²⁰
1225 1640 1386 1714 purpureos

336 1720 461 1809 videri,
481 1722 544 1791 sub
564 1721 645 1792 caelo
659 1721 851 1805 flammeos,
872 1735 990 1791 contra
1009 1722 1117 1792 radios
1139 1722 1217 1793 solis
1234 1740 1267 1793 et
1284 1720 1385 1794 scintil-

336 1825 426 1896 lare:
441 1852 535 1896 ceras
552 1828 758 1922 signantibus
772 1826 824 1896 his
847 1825 1047 1920 liquescere,
1065 1832 1218 1921 quamvis
1236 1832 1269 1899 in
1289 1852 1383 1923 opaco

335 1932 436 2002 Multi
457 1932 591 2002 Indicos
604 1932 844 2003 Carchedoniis
858 1932 1065 2003 candidiores
1084 1958 1174 2019 esse,
1189 1950 1224 2005 et
1240 1961 1260 2004 e
1277 1934 1384 2004 diverso

333 2037 547 2109 inclinatione
560 2038 710 2107 hebetari
722 2040 883 2133 scripsere
898 2063 905 2106 :
921 2039 1103 2108 etiamnum
1116 2042 1153 2108 in
1169 2040 1382 2111 Carchedoniis

311 2233 318 2250 ¹
333 2144 481 2214 maribus
490 2143 600 2213 stellas
614 2146 703 2214 intus
718 2143 874 2229 ardere²¹,
888 2142 1028 2214 feminas
1040 2144 1206 2241 fulgorem
1218 2150 1381 2216 universum

331 2328 469 2393 sordidos,
480 2346 512 2381 ac
519 2347 626 2400 temper
637 2328 750 2399 fulgoris
760 2326 848 2381 borri-
891 2344 949 2399 etp.
962 2330 988 2380 6.
998 2326 1229 2383 tt-lnsaeartt
1240 2331 1298 2385 Haec
1305 2331 1382 2383 Noster

331 2409 378 2463 di:
390 2408 557 2479 AEtbiopiooe
570 2408 847 2480 pingues,lncemque
888 2424 945 2459 non
960 2407 1023 2459 satis
1032 2420 1109 2461 eunte
1120 2411 1316 2481 unumiptitex
1324 2409 1382 2463 Grn-

330 2489 622 2554 nonemittentes,tut
636 2484 846 2552 fundentee,sed
891 2503 998 2554 ¹corant,
1024 2501 1070 2540 aut
1090 2490 1308 2560 peregrinantium
1324 2486 1380 2550 fide,

330 2569 475 2623 convoluto
484 2569 546 2638 igue
563 2566 738 2637 flagrantes.»
758 2568 846 2620 Sint.
890 2566 989 2636 quibus
1009 2565 1144 2638 quidlibet
1167 2568 1280 2640 ungendi
1298 2585 1380 2638 sempe·

331 2649 486 2718 —Fulgorir
492 2647 592 2699 ltomdi.
602 2645 646 2698 Sic
652 2645 729 2699 MSS.
738 2661 843 2698 omnes:
890 2645 943 2699 tuit
955 2663 1031 2716 equa
1046 2659 1171 2717 potestas.
1189 2648 1262 2714 Quid
1272 2667 1325 2702 tero
1336 2647 1378 2698 hor

329 2747 386 2782 non
398 2725 611 2780 retemiii.H.--
622 2725 738 2795 Fulgorir
746 2725 846 2778 horridi.
890 2726 1020 2778 monstri?
1041 2745 1076 2778 an
1096 2727 1166 2780 ullus
1187 2746 1307 2799 umquam
1320 2726 1379 2780 mlti-

329 2808 387 2863 Nos
397 2826 431 2861 ex
443 2805 521 2860 India
534 2804 702 2875 maximeque
715 2822 747 2857 ex
760 2804 846 2858 insula
889 2823 957 2869 nus,
969 2817 999 2857 ut
1010 2804 1098 2870 aiunt,
1109 2806 1151 2858 vel
1162 2807 1190 2860 in
1202 2808 1306 2862 Oriente
1318 2798 1376 2873 (iulis

328 2887 506 2958 Teprobane,
517 2885 624 2957 Ccylen,
636 2883 845 2938 absolutissimos
889 2873 1007 2951 orantei)
1018 2897 1141 2954 repertus
1151 2885 1205 2940 tuit
1215 2900 1267 2948 tant
1278 2883 1377 2940 inaudite

328 2967 458 3020 hebemus
464 2965 649 3027 carbunculos,
656 2979 771 3034 quornm
779 2981 845 3033 pras·
888 2960 1092 3032 amplitudinis?
1102 2982 1165 3035 qun
1178 2963 1373 3036 amplitudo,etei

327 3048 425 3117 cipuus
439 3045 516 3100 oolor
528 3055 583 3108 est,
597 3043 748 3112 deposcente.
765 3044 844 3096 Hunc
887 3059 941 3094 uon
953 3053 1024 3094 tanta
1036 3043 1129 3108 fuerit,
1141 3062 1173 3096 ex
1184 3044 1236 3098 boc
1246 3058 1322 3098 temen
1331 3045 1373 3094 lom

327 3126 448 3180 colorem
472 3121 575 3176 Plinius
599 3120 667 3176 dicit
691 3120 842 3176 horridum.
887 3121 1005 3188 patebit,
1027 3123 1204 3178 carbunculos
1223 3126 1371 3184 Veterum«

327 3205 414 3258 Btton.
885 3199 988 3254 indicos
1003 3198 1130 3270 quidem,
1149 3201 1185 3256 ed
1206 3216 1324 3257 nostrates
1338 3217 1370 3254 rt·

371 3285 417 3338 15.
434 3281 486 3336 Sed
502 3281 627 3336 ooawluto
640 3283 704 3350 igne
722 3279 842 3334 Colleoto
886 3279 963 3333 binos
985 3279 1080 3332 referri
1099 3298 1155 3334 non
1174 3301 1260 3353 poue,
1273 3283 1310 3336 Cf.
1328 3295 1368 3348 sep.

326 3363 355 3416 in
369 3363 482 3432 teigne,
496 3379 548 3414 nec
560 3377 659 3433 spureo.
670 3358 762 3412 liun-
886 3369 942 3411 not.
959 3359 974 3412 5
992 3358 1047 3410 hoc
1056 3359 1115 3429 ipso
1124 3378 1182 3432 cap.
1192 3363 1244 3414 En.

370 3445 416 3496 16.
429 3441 516 3494 Potiti.
530 3439 612 3493 Humi
623 3437 719 3508 dejecti
733 3456 763 3492 ac
776 3439 840 3492 resi·
928 3455 973 3506 19.
987 3439 1023 3490 Et
1031 3439 1194 3494 inclinatione.
1203 3441 1289 3507 Quum
1298 3437 1368 3492 levite

327 3519 429 3584 dentis,
452 3533 570 3574 extremo
597 3519 699 3572 ambitu
725 3518 839 3570 nubium
885 3517 1052 3570 inclinantur.
1070 3517 1161 3572 niun.

325 3599 472 3672 quamdam
486 3597 602 3668 speciem
616 3597 722 3650 referat.
733 3597 826 3650 litun.
927 3615 969 3649 uo.
989 3596 1122 3649 Umbmnte
1132 3610 1203 3652 tecto.
1212 3599 1265 3652 Sub
1276 3605 1366 3658 tectae

370 3699 414 3751 ¹7·
429 3679 580 3732 brittonem
590 3677 716 3748 appellari.
734 3679 840 3738 Λιθίῑον-
883 3675 911 3727 iu
925 3676 1028 3728 umbra.
1042 3677 1136 3730 Hann.

324 3757 650 3830 rne,lapidiequnlitatem
661 3755 838 3827 potiusquam
926 3751 1367 3809 snsnmstmmrdeevetunm·

324 3857 436 3910 gemme
446 3838 599 3892 referentes.
615 3837 708 3891 thu.
882 3834 1024 3887 tilluntiuru
1040 3835 1248 3907 fulgentiumque
1258 3834 1365 3886 stellarum

318 3963 322 3972 .
367 3907 648 3975 18.Inrentert'iunins
659 3933 840 3966 manummer-
884 3915 1018 3985 projectos
1026 3913 1122 3966 radios.
1136 3911 1362 3972 {lm-Stellati·-

324 3996 513 4052 variaterieiui
526 3993 632 4066 dicunt,
650 3997 709 4045 trois
725 3993 839 4046 demi-se·
885 4005 922 4046 tus
935 3993 1027 4046 erden.
1039 3995 1133 4046 Veluti
1142 3991 1361 4047 scintillnntetiats

323 4077 389 4137 tiers'.
402 4075 473 4129 Vide
487 4091 547 4147 quo
560 4072 681 4130 diximus
694 4073 741 4128 lib.
760 4073 838 4136 mv,
884 4071 971 4128 stellm
986 4090 1122 4144 appetere.
1137 4075 1224 4126 Hun.
