2950 5000
356 456 427 544 [μθ
623 459 663 525 c.
690 458 857 527 rainu
882 457 995 526 aar.
1022 458 1152 526 mss.

355 592 518 663 aluminis.
538 591 640 661 Virus
665 588 793 658 alarum
819 565 1022 684 sudoresq'ue
1047 590 1141 660 sedat
1151 576 1186 658 ¹⁵.
1209 591 1343 660 Sumitur
1358 592 1396 685 pi

356 699 430 769 lulis
445 712 562 767 contra
579 695 673 766 lienis
694 698 794 784 vitia,
813 696 1070 792 pellendumque
1089 723 1151 792 per
1164 699 1288 767 urinam
1296 683 1318 721 '⁶
1334 721 1396 766 sau·

356 807 502 902 guinem.
517 803 682 873 Emendat
692 817 726 872 et
735 803 880 873 scabiem
889 805 979 873 nitro
992 827 1032 874 ac
1045 803 1398 874 melanthio'7admixtis

321 936 336 994 a
356 911 511 984 Concrcti
521 895 701 980 aluminis¹⁸
711 935 815 979 unum
826 935 930 1005 genus
944 909 1120 981 schiston'⁹
1131 909 1400 1006 appellantGreoi,

354 1021 389 1087 in
404 1016 635 1113 capillamenta
653 1017 805 1111 ‹maedam
819 1019 1027 1087 canescentia
1040 1017 1225 1088 dehiscens.
1241 1016 1334 1089 Unde
1343 1017 1401 1110 qui

356 1125 433 1194 dam
454 1123 600 1193 trichilin
619 1124 730 1218 potius
744 1122 965 1218 appellavere.
983 1127 1058 1194 Hoc
1074 1123 1114 1194 fit
1129 1150 1149 1193 e
1164 1124 1285 1219 lapide,
1302 1148 1338 1192 ex
1348 1145 1402 1215 quo

355 1246 388 1300 et
410 1229 598 1300 chalcitin²⁰
628 1245 779 1298 vocant:
805 1245 842 1298 ul
869 1232 911 1299 sit
933 1230 1036 1301 sudor
1057 1231 1193 1325 quidam
1219 1231 1288 1325 ejus
1306 1226 1403 1323 lapidis

354 1340 389 1407 in
422 1359 574 1432 spumam
610 1334 815 1431 coagulatus.
863 1339 938 1406 Hoc
977 1362 1084 1432 genus
1127 1335 1279 1407 aluminis
1314 1337 1406 1406 minus

355 1445 440 1514 sistit
462 1443 640 1512 humorem
660 1441 810 1512 inutilem
832 1443 1029 1538 corporibus
1039 1445 1073 1511 ²¹.
1103 1443 1168 1514 sed
1196 1443 1328 1512 auribus
1345 1463 1403 1509 nra·

355 1574 503 1646 guopere
532 1548 699 1644 prodest’²
719 1549 882 1638 infusum,
906 1550 959 1619 vel
986 1548 1124 1638 illitum,
1143 1550 1283 1620 valoris
1309 1545 1406 1618 hulce-

395 1769 441 1824 15.
465 1767 540 1822 Virus
561 1767 655 1819 alarum
671 1767 816 1840 sudemque
833 1787 871 1820 se·
915 1767 1051 1839 provenit.
1064 1791 1077 1816 ι
1092 1767 1128 1822 Bt
1141 1767 1242 1822 scissile
1254 1763 1409 1823 alance·

352 1849 405 1900 dar.
420 1849 503 1901 Marc.
513 1847 618 1920 Empir.
629 1864 653 1899 e.
665 1864 749 1912 xvrn,
759 1866 787 1919 p.
800 1851 870 1912 1283
914 1867 960 1901 sus
973 1847 1110 1919 appellat,
1130 1848 1178 1900 lib.
1186 1848 1223 1913 V,
1238 1867 1297 1919 cap.
1310 1868 1334 1901 a.
1349 1847 1378 1898 ll.

352 1928 473 1981 Dioscor.
486 1926 540 1980 loc.
552 1927 598 1979 cit.
611 1927 645 1980 ll.
656 1959 697 1969 -
706 1927 790 1981 Virus.
802 1927 871 1980 Alu-
958 1945 1004 1998 19.
1027 1925 1108 1980 {lmus
1124 1947 1203 1998 genas
1217 1929 1328 1980 schistos.
1344 1924 1409 1980 Cani·

352 2027 413 2061 men
425 2020 512 2060 ustum
524 2005 610 2059 carnis
623 2007 814 2061 excrescendas
823 2009 870 2059 ab·
913 2005 972 2078 huj.
982 2025 1039 2078 cap.
1046 2009 1139 2072 not.1;
1149 2021 1175 2061 et
1184 2007 1224 2062 cl.
1230 2007 1409 2066 ‘rosunum

352 2088 445 2153 sumit;
458 2099 484 2139 et
495 2083 528 2138 ad
540 2086 659 2147 alarum,
676 2087 831 2158 inguinum,
843 2097 870 2140 et
916 2087 1019 2159 Vmge
1028 2087 1061 2139 du
1071 2087 1180 2153 ἂνω,
1188 2101 1257 2143 tom.
1268 2090 1293 2153 1,
1303 2106 1358 2159 pag.
1369 2087 1410 2154 riy

352 2165 452 2240 pedum
468 2165 587 2218 ioetorem
601 2165 801 2231 cohibendum,
817 2165 870 2218 lin·
914 2185 973 2239 sqq.
985 2167 1083 2230 Nobis,
1095 2167 1155 2220 alus
1166 2169 1198 2220 de
1206 2169 1299 2238 piane.
1311 2169 1359 2220 En.

352 2248 402 2301 teis
412 2263 582 2317 conspersum
593 2243 748 2318 frequenter
758 2263 870 2316 usurpa-
958 2265 1002 2300 so.
1022 2247 1080 2299 Hoc
1089 2247 1127 2317 fii
1147 2271 1161 2299 e
1181 2249 1278 2318 lupuit,
1292 2269 1323 2300 α
1342 2257 1411 2318 qaeu

352 2339 406 2382 rur.
426 2325 531 2380 Geniis.
550 2325 646 2378 Mater.
666 2323 736 2379 med.
757 2338 823 2378 tom.
837 2325 868 2389 1,
915 2327 1040 2379 chalcitis.
1053 2325 1411 2398 Nempeexeolapidequeu

351 2425 411 2480 pag.
436 2405 501 2471 143.
528 2403 686 2459 cautissime
710 2417 800 2458 tamen
817 2409 870 2458 hoc
914 2406 1044 2460 chalciten
1062 2419 1161 2460 vocant
1177 2409 1207 2460 in
1220 2403 1414 2479 Cypro‚ntdi·

353 2485 474 2541 remedio
488 2481 617 2539 utendum
629 2526 637 2551 ,
650 2504 685 2539 ne
697 2485 870 2558 periculosio·
914 2499 987 2541 ctum
998 2497 1038 2540 est
1047 2485 1180 2553 mlv,
1192 2508 1224 2548 a,
1236 2485 1312 2541 unde
1322 2483 1413 2541 eride·

352 2586 395 2621 res
409 2568 458 2630 iis,
475 2584 542 2638 quos
558 2564 594 2617 ita
610 2566 761 2629 curaveris,
778 2567 869 2619 subse·
912 2566 1026 2620 alumini
1039 2586 1137 2621 nomen
1150 2566 1239 2622 haesit.
1250 2565 1413 2623 &lunonis

352 2658 467 2719 quantur
479 2644 577 2697 morbi.
595 2646 647 2698 En.
914 2646 999 2701 Solin.
1013 2666 1072 2718 pag.
1085 2650 1174 2714 1166,
1192 2660 1289 2702 contra
1307 2644 1411 2701 omniun

396 2730 442 2781 16.
455 2724 692 2798 Pellendumqueper
705 2728 799 2777 urinam
812 2744 870 2777 san·
912 2724 1041 2780 codicum
1060 2724 1158 2788 iidem,
1183 2740 1280 2782 eontra
1292 2726 1413 2799 scriptoris

351 2808 456 2875 guisum.
469 2806 556 2858 Grou.
568 2804 713 2857 stillante
722 2803 806 2857 Hasd.
816 2804 870 2873 pe!-
913 2818 1044 2872 mentem,
1058 2806 1116 2860 sola
1129 2806 1230 2878 ingenii
1250 2806 1346 2862 duem
1362 2823 1414 2859 eoa·

355 2886 495 2957 laudumque
504 2886 624 2955 pruritum
637 2904 666 2936 ae
674 2904 726 2955 per,
739 2896 790 2937 etc.
801 2884 855 2936 En.
911 2886 1029 2958 jactura,
1045 2884 1091 2939 sed
1107 2904 1181 2939 nnnc
1198 2888 1317 2941 maxime
1332 2882 1415 2947 alud,

398 2982 440 3036 ¹7·
455 2964 598 3017 Melanthio.
614 2962 675 3017 Sive
690 2964 768 3034 girh;
792 2964 870 3016 nobis
913 2965 967 3037 legi
979 2965 1017 3020 sio
1030 2964 1123 3019 suadet
1137 2987 1144 3017 :
1160 2987 1172 3010 ι
1191 2967 1254 3020 Ηοο
1270 2968 1303 3020 fit
1314 2986 1330 3019 e
1343 2961 1414 3037 lapide

355 3046 456 3114 Nigella
469 3047 560 3108 sativa,
573 3042 598 3094 ia
612 3044 698 3110 niella,
713 3042 748 3095 de
762 3062 814 3116 qua
827 3041 869 3096 di·
912 3044 1037 3117 glebosa.
1052 3046 1149 3099 bolitin
1164 3058 1282 3114 vocant,
1298 3059 1328 3100 ut
1338 3045 1369 3099 ait
1380 3060 1415 3097 n·

354 3124 504 3179 aimus-lib.
517 3122 583 3188 XX,
603 3140 662 3193 cap.
678 3140 725 3194 71.
741 3124 795 3178 En.
913 3123 976 3194 dor,
987 3138 1037 3178 etc.
1052 3150 1063 3172 ι
1077 3124 1168 3178 liano.

398 3206 444 3260 18.
466 3204 579 3257 Concreti
603 3202 723 3255 aluminis.
743 3200 868 3257 Totidem
957 3222 1002 3259 aa.
1018 3204 1102 3258 Mirus
1115 3208 1182 3258 sistit
1196 3206 1267 3261 ism.
1285 3206 1414 3258 aarum

354 3284 443 3337 verbis
462 3283 584 3335 Dioscor.
603 3280 655 3336 loo.
677 3280 723 3337 cit.
743 3275 821 3354 ipses
839 3279 869 3335 il
909 3284 1020 3355 poribus.
1039 3284 1123 3338 Gron.
1148 3298 1176 3337 et
1198 3285 1247 3341 dl.
1270 3299 1331 3341 aute
1349 3280 1414 3336 llud

353 3362 628 3433 ὑπάρχιιὴςυπτηριά
651 3362 754 3431 σχιςὴ...
777 3364 803 3415 οὐ
824 3382 871 3416 m-
913 3366 1123 3437 siccaimr'nusque
1142 3366 1223 3430 abrit,
1242 3378 1298 3420 eto.
1313 3366 1414 3418 eroco

354 3446 473 3513 πιισμίνη
492 3436 601 3508 liniendis
613 3442 629 3499 ll
643 3436 808 3511 satiandis,
817 3442 871 3494 ἀλλ’
913 3442 989 3497 MSS.
1003 3445 1087 3516 Regg.
1101 3456 1129 3498 et
1140 3442 1206 3498 edit.
1220 3446 1314 3518 princ.
1328 3444 1416 3499 iuria

356 3524 476 3593 lineatim
488 3520 555 3576 κατὰ
567 3516 680 3591 μονάδας
688 3524 787 3583 πολιαῖς
798 3526 833 3591 ips
849 3543 870 3575 ss
914 3528 1027 3595 eorporis.
1039 3524 1092 3577 En.

354 3604 471 3676 Ιμφιρῶς·
485 3602 525 3655 sia
538 3600 587 3662 icis
599 3602 615 3659 ἡ
626 3602 743 3673 arsenius
755 3604 869 3671 τριχῖτις,
956 3622 1002 3657 aa.
1012 3602 1064 3655 Sed
1068 3604 1167 3657 euribw
1175 3602 1417 3679 magmpmpmdoi·

354 3683 491 3753 γιννωμίνη
512 3676 542 3733 il
566 3684 589 3733 ds
610 3682 740 3753 Αἰγύπτῳ.
760 3707 772 3728 ι
792 3681 871 3753 opri—
914 3683 998 3737 Marc.
1022 3683 1126 3754 Empir.
1152 3683 1201 3736 lib.
1226 3684 1267 3739 de
1292 3684 1416 3741 Medion

355 3780 430 3815 mom
448 3780 512 3814 vero
531 3760 637 3813 alumen
651 3762 778 3815 scissile...
795 3759 870 3833 quod
914 3781 971 3834 cap.
986 3780 1105 3833 rx‚pag.
1123 3763 1160 3834 75
1177 3782 1185 3816 :
1203 3790 1214 3811 ι
1238 3766 1416 3819 Alumenm

354 3833 404 3893 nec
418 3840 553 3911 globulose
570 3852 616 3893 aui
632 3841 747 3895 assulose
764 3860 871 3911 compa·
913 3854 987 3896 acero
1000 3854 1083 3909 term,
1095 3854 1122 3895 et
1136 3844 1219 3898 simul
1232 3848 1328 3899 omnia
1340 3860 1417 3899 eoam

356 3932 446 3987 otum,
464 3918 511 3974 sed
532 3918 665 3991 sigillatim
685 3920 760 3994 quasi
776 3921 804 3973 in
825 3939 869 3973 ca·
912 3938 977 3995 ques
995 3919 1029 3976 ad
1047 3922 1137 3976 tertias
1156 3942 1164 3975 :
1188 3924 1245 3978 lanc
1268 3925 1415 3979 modim

354 4000 508 4071 pillamenaa
527 4000 691 4055 canescentia
703 3998 866 4054 'dehiscensz
912 4001 1032 4073 tepidum
1058 4002 1188 4058 auricula
1215 4004 1353 4067 infusum,
1376 4019 1416 4075 pfl

355 4073 433 4151 quale
452 4092 491 4133 est
508 4077 581 4151 quod
598 4080 728 4147 trichites,
746 4080 799 4134 hoe
810 4093 867 4145 est,
912 4083 1014 4154 optime
1043 4097 1165 4155 purgat,
1192 4104 1301 4141 vermes
1327 4097 1413 4138 nent:

354 4159 478 4231 capillare
489 4160 648 4231 appellatur,
664 4172 690 4214 et
706 4160 734 4213 in
750 4164 868 4233 AEgypto
911 4181 1007 4234 aquam
1018 4161 1414 4233 etiam,aiiutrarerit,educit·
