2950 5000
295 366 365 441 568
413 429 418 439 .
560 374 600 441 C.
626 372 790 445 PLINII
815 367 1090 443 NAT.'HIST.

291 499 515 599 praeterquam*
524 506 701 575 Ismeniam
711 492 724 537 ⁴
733 503 928 575 chor-aulem
935 489 959 591 ⁵,
970 503 1082 575 multis
1096 501 1279 598 balgentibu

292 612 342 679 uti
357 608 511 696 solitum,
523 613 702 681 comitante
720 611 832 680 l'abula
845 610 1026 680 vanitatem
1043 611 1133 705 ejus,
1148 609 1290 679 indicato
1321 611 1352 677 in

292 719 407 810 Cypro
420 742 477 785 ser
487 718 595 785 aureis
605 717 765 787 denariis⁷
785 716 978 811 smaragdo,
991 718 1025 785 in
1038 741 1105 810 quo
1116 716 1225 785 fuerat
1236 713 1354 810 sculpta

255 824 265 845 ‘
291 824 478 915 Amymone
487 807 510 903 ⁸,
522 822 656 913 jussisse
672 826 854 891 numerari:
874 836 908 891 et
921 823 1100 916 quumduo
1116 820 1228 891 reluti⁹
1243 835 1355 907 essem,

292 928 469 997 imminuto
476 930 600 1022 pretio,
608 927 695 998 male
705 928 858 997 hercules
868 926 1061 1015 curatum¹⁰,
1067 928 1188 999 dixisse
1201 926 1352 996 :multum

259 1062 274 1095 ι
292 1032 576 1103 enimdetractum
592 1058 731 1129 gemmae
742 1032 937 1129 dignitati¹¹.
953 1035 1017 1103 Hic
1028 1033 1161 1104 videtur
1174 1034 1353 1115 instituisse,

292 1153 330 1209 ut
353 1163 469 1208 omnes
490 1141 624 1209 musica
642 1138 751 1209 artis¹²
769 1140 833 1211 hac
854 1164 987 1235 quoque
1008 1142 1230 1210 ostentatione
1250 1162 1355 1207 oense·

333 1305 360 1361 4.
373 1298 511 1352 Ismeniam.
520 1290 655 1370 icpasisis,
667 1299 805 1354 tibicinem
852 1300 1035 1354 sestertiorum
1044 1338 1053 1365 ,
1061 1298 1117 1352 sive
1127 1317 1180 1352 xxx
1192 1295 1354 1352 denariorum

291 1376 507 1442 Thebanum‚de
515 1398 570 1450 quo
579 1379 747 1444 Plutarchus,
757 1380 804 1433 lib.
849 1380 967 1451 argenti.
993 1391 1062 1432 esset
1087 1391 1202 1432 monete
1225 1376 1355 1439 noscatis,

292 1455 419 1511 adversus
431 1458 589 1527 Epicurum,
602 1478 662 1531 pag.
679 1458 766 1528 1095,
779 1471 807 1514 et
849 1458 980 1512 librarum
1004 1456 1168 1523 duodecim,
1191 1464 1207 1521 4
1228 1461 1288 1509 deus.
1309 1456 1352 1509 Sex

291 1535 320 1589 in
335 1536 437 1590 Pericle
457 1558 463 1589 :
484 1563 496 1586 ι
510 1538 601 1603 Quum
617 1536 749 1603 audisset,
763 1538 805 1592 in·
850 1536 971 1603 denarii,
994 1536 1161 1608 septuaginta
1184 1534 1244 1590 due
1272 1535 1353 1596 libre,

291 1615 366 1687 quit,
380 1615 563 1679 Antisthenes,
579 1619 720 1671 Ismeniam
733 1618 807 1687 opti·
851 1636 888 1687 7²
900 1618 979 1682 lime,
990 1635 1026 1669 ou
1041 1622 1077 1678 sd
1089 1622 1153 1669 scus.
1163 1616 1197 1668 ll.
1206 1614 1354 1667 -Indieato

291 1714 367 1747 mum
390 1714 446 1748 esse
467 1696 622 1762 tibicinem,
644 1695 803 1767 respoudit:
847 1700 875 1755 ,iu
884 1696 1016 1767 Cyprum
1024 1694 1353 1765 wreisdenuriissmgdn

291 1774 379 1828 Malus
389 1776 565 1846 igitur-‚nuru
576 1775 598 1829 si
612 1777 713 1848 probus
721 1790 803 1835 esset.
849 1774 922 1829 Edit.
938 1776 1026 1849 princ.
1042 1801 1054 1824 ι
1072 1774 1162 1828 indito
1183 1776 1214 1827 in
1229 1774 1352 1845 Cypron

292 1850 457 1907 dbioennon
473 1868 548 1907 esset.
562 1879 573 1900 ι
591 1856 683 1910 Hsnn.
849 1856 937 1909 eureis
961 1854 1077 1909 denariis
1102 1874 1154 1926 pro
1178 1851 1319 1923 smaragdo.
1338 1876 1350 1898 ι

334 1933 362 1987 ὅ.
381 1934 534 1987 Clomulem.
554 1938 698 2004 Xopcilns,
716 1933 806 1987 tibici·
850 1935 923 1988 Brut.
938 1953 969 1988 ex
990 1934 1065 1988 MSS.
1081 1934 1163 2007 Regg.
1178 1954 1211 1997 s,
1224 1932 1257 1996 3,
1273 1934 1306 1993 5,
1320 1934 1354 1995 6,

291 2031 355 2065 nem
369 2014 457 2084 quiin
470 2013 554 2067 choro
566 2014 805 2068 tibiacanitOlim
851 2013 1058 2068 uindicantem
1080 2012 1172 2084 Cypro
1193 2031 1253 2085 rege
1268 2028 1352 2063 auru

292 2092 394 2163 quippe
402 2093 430 2145 in
442 2090 594 2158 comodiis,
605 2119 616 2141 ι
628 2091 736 2164 quando
744 2094 805 2145 cho-
848 2091 973 2147 denarios
984 2112 1000 2147 c
1013 2112 1063 2165 pro
1073 2090 1222 2164 smaragdo.
1233 2093 1352 2145 ·Centuus

291 2190 338 2225 rus
351 2173 473 2236 canebat,
483 2173 598 2225 choricis
611 2173 694 2239 tibiis,
707 2170 735 2225 id
749 2185 808 2234 est„
848 2173 921 2225 aurei
930 2171 1038 2226 denarii
1056 2184 1119 2225 sunt
1135 2172 1237 2242 gallica
1251 2182 1354 2223 monete

294 2250 471 2316 choraulicis,
488 2251 585 2305 artilex
603 2252 773 2317 concinebat,
788 2277 800 2300 ι
848 2252 925 2306 librae
942 2248 1351 2323 s,362.1n5racap.17,iuCy·

291 2329 380 2401 inquit
394 2328 552 2395 Diomedes,
564 2330 612 2384 lib.
627 2332 684 2397 111,
696 2351 722 2402 p.
737 2333 803 2400 489.
848 2351 900 2404 pro
908 2332 995 2385 insula
1008 2342 1176 2384 memoratur
1187 2332 1245 2401 ejus
1257 2328 1351 2400 regulus

292 2407 376 2481 Apud
386 2400 495 2463 Gruder.
507 2430 569 2481 pag.
581 2411 664 2477 1035,
675 2412 805 2465 Gnsrar-
848 2410 979 2465 Hermiae.
994 2410 1048 2464 Eu.

292 2507 324 2542 nr
337 2489 505 2544 Cnottsvm
512 2490 621 2544 mentio.
634 2491 667 2543 ln
675 2490 805 2546 conviviis
890 2494 917 2546 8.
928 2490 1073 2563 Αιιψιιοηι.
1081 2488 1142 2543 Una
1153 2488 1274 2544 exDsuai
1282 2486 1350 2560 quiu-

292 2569 372 2622 etism
384 2570 509 2624 cecinisse
523 2571 674 2635 choraulas,
685 2589 718 2624 ex
730 2571 803 2624 lilar-
847 2571 974 2642 quaginta
988 2571 1117 2635 filiabus,
1130 2587 1191 2641 ques
1203 2588 1220 2622 a
1237 2568 1354 2640 Neptuno

292 2649 350 2701 tiali
362 2649 477 2714 scimus,
488 2649 578 2721 Epigr.
590 2653 608 2702 l.
620 2649 680 2702 IX:
697 2676 708 2697 ι
720 2649 804 2715 Quod
847 2667 998 2721 compressa
1008 2649 1156 2720 Nauplium
1170 2649 1279 2720 peperit.
1289 2649 1348 2700 Dan.

291 2728 426 2798 optimum
444 2729 478 2782 sit
495 2729 614 2801 queritis
628 2729 805 2783 convivium?
847 2761 886 2772 -
908 2729 1052 2800 Am'rmone.
1078 2727 1165 2780 Danai
1190 2728 1260 2792 lilia,
1283 2728 1351 2796 cajus

291 2808 325 2860 In
340 2806 415 2880 quod
427 2809 564 2862 choraules
578 2826 633 2860 non
651 2809 732 2862 venit.
743 2834 754 2855 ι
767 2809 802 2862 Η.
847 2809 964 2862 fabulam
974 2805 1119 2879 rideapud
1130 2807 1347 2878 Hyginumnunr

332 2892 360 2942 6.
373 2887 495 2941 Inds'cato.
509 2888 656 2941 AEstimato.
671 2890 761 2941 Hano.
846 2907 935 2942 cnxrx.
953 2888 1046 2942 Hsnn.

333 2985 360 3038 7,
374 2965 424 3018 See
438 2970 520 3020 aunis
528 2967 643 3020 denariis.
656 2966 804 3032 Denarios,
857 3013 859 3016 .
888 2984 916 3035 9.
926 2967 1041 3039 Ecquam
1051 2967 1100 3018 dtu
1112 2967 1185 3019 rehti
1195 2976 1278 3018 essem.
1287 2963 1347 3016 bler-

290 3065 447 3100 nummosre
467 3064 560 3100 aureos
580 3047 627 3099 hic
646 3047 803 3117 interpreta—
847 3059 965 3100 catorem
980 3043 1076 3117 puduit
1087 3046 1157 3100 tanti
1169 3046 1303 3100 estimans
1314 3039 1347 3094 sel

290 3145 362 3189 mur,
378 3144 498 3196 quorum
507 3125 683 3198 quadraginta
694 3139 756 3180 octo
773 3125 803 3180 in
847 3127 959 3180 unicum
980 3143 987 3179 :
1009 3126 1095 3197 pretio
1118 3126 1271 3197 persoluto,
1290 3119 1345 3175 dm

291 3205 373 3258 libras
386 3206 444 3258 suri
454 3205 562 3271 fierent,
573 3205 672 3276 singuli
683 3203 804 3276 seheri-
847 3204 963 3276 emptori
977 3204 1084 3258 obtulit.
1096 3205 1191 3258 Hero.

290 3285 434 3354 polorum,
454 3303 569 3357 quorum
591 3283 804 3357 unumquodque
891 3303 934 3338 ro.
952 3285 1020 3337 Male
1037 3285 1144 3336 tenum
1158 3295 1274 3337 wmtssa
1288 3278 1346 3334 ltili

289 3364 391 3417 vicenis
404 3365 529 3418 sestertiis
539 3364 804 3428 comruuuibsas,hoc
846 3365 1126 3434 profectoprovisum
1146 3381 1204 3418 esse
1225 3382 1241 3416 a
1261 3377 1345 3414 meres·

290 3455 344 3507 est,
366 3441 482 3497 duorum
502 3445 603 3497 assium
618 3463 683 3496 cum*
694 3445 803 3498 semisse
848 3455 915 3498 tore.
929 3444 1020 3497 Hono.

289 3514 414 3594 siirgnlis,
433 3523 615 3590 estimaretur,
636 3543 666 3578 ac
687 3521 802 3595 proinde
884 3537 934 3577 tr.
946 3522 1054 3577 Germ
1063 3521 1345 3591 dignitatilluigentm·

289 3601 412 3673 quinque
422 3601 539 3656 denariis
548 3605 693 3674 argenteis3
709 3621 802 3656 mone·
846 3620 879 3656 ex
903 3605 1004 3674 majore
1030 3602 1120 3672 pretio
1143 3604 1229 3672 major
1250 3598 1345 3669 dignitas

288 3693 322 3733 tn
338 3693 436 3735 nostras
458 3678 500 3745 (ut
519 3683 641 3753 superius
660 3681 801 3736 denarium
845 3683 1004 3736 accessisset.
1017 3679 1109 3735 liano.

288 3774 442 3830 argenteum
450 3761 804 3815 assibusuostrisoctotaxa·
889 3780 933 3814 rr.
952 3761 1042 3815 Omnes
1059 3763 1156 3812 musicas
1173 3761 1241 3811 unis.
1259 3753 1343 3808 Subin-

289 3836 385 3902 vimus)
397 3841 498 3894 assibus
508 3839 692 3913 quadraginta.
705 3842 746 3894 Ita
756 3860 802 3895 au·
847 3840 945 3911 tellige,
954 3839 1044 3912 periti.
1057 3840 1102 3894 Sic
1112 3839 1160 3892 lib.
1168 3838 1231 3902 vlt,
1241 3855 1292 3906 cap·
1302 3839 1341 3894 l⁰=

286 3937 349 3971 reus
366 3920 480 3991 quisque
500 3919 637 3985 domnius,
661 3921 709 3991 qui
734 3933 802 3974 esset
850 3944 861 3965 ·
873 3919 1059 3974 Grammaticis
1072 3918 1136 3972 artis
1149 3915 1269 3990 Daphni,
1280 3913 1339 3967 GN·

287 4016 331 4050 sex
347 3999 542 4069 scripulorum,
563 4019 592 4054 ac
614 3998 729 4075 proinde
749 4019 801 4053 cxx
846 3997 898 4066 u'o,
912 4013 966 4054 ete.
979 4025 991 4048 ι
1007 3999 1101 4052 llnu.
