2950 5000
342 454 410 529 138
611 463 650 530 c.
676 464 844 535 rotun
868 464 974 533 usu.
1001 432 1155 533 nisu

338 588 489 677 sorbet¹⁰,
496 605 530 659 et
538 593 717 664 aurichalci
727 596 910 673 bonitatem
919 595 1109 667 imiteturin
1116 596 1394 691 sestertiisdupon·

231 734 237 744 ·
337 695 513 791 diariisque
522 694 557 783 ¹¹,
570 694 695 796 Cyprio
710 727 770 773 suo
779 702 905 773 ossibus
920 704 1093 777 contentis.
1111 705 1157 772 Et
1166 702 1323 773 hactenus
1335 726 1392 771 uo·

337 799 445 871 bilitas
460 805 494 871 in
512 829 577 874 aere
591 806 751 877 naturalis
771 834 805 879 se
825 808 936 879 habet.

305 932 316 966 ι
391 911 454 977 111.
474 908 614 1006 Reliqua
636 938 758 1008 genera
780 914 920 985 artificio
943 927 1114 999 constant,
1141 938 1217 1008 quae
1240 916 1303 985 suis
1323 913 1393 983 locis

337 1014 532 1102 reddentur,
552 1042 682 1089 summa
699 1018 850 1091 claritate
875 1036 953 1091 ante
969 1022 1080 1101 omnia
1106 1019 1259 1089 indicate.
1281 1021 1393 1108 Quon-

338 1120 415 1190 dam
431 1146 475 1191 aes
492 1123 667 1195 confusum
683 1150 767 1196 euro
786 1142 990 1222 argentoque
1008 1126 1224 1211 miscebatur,
1242 1139 1395 1195 ettamen

155 1286 161 1299 .
219 1240 222 1245 ’
337 1249 392 1295 ors
410 1229 585 1321 pretiosior
601 1246 699 1301 erat:
722 1258 813 1303 nuno
834 1235 996 1303 incertum
1018 1246 1068 1303 est
1087 1233 1182 1327 pejor
1199 1232 1271 1303 haec
1288 1233 1343 1315 sit,
1358 1254 1394 1299 an

337 1334 494 1403 materia:
515 1337 719 1432 mirumque,
743 1364 847 1433 quum
877 1338 920 1409 ud
940 1338 1105 1409 infinitum
1133 1362 1273 1433 operum
1301 1338 1396 1431 pretia

338 1440 525 1527 creverint,
551 1446 835 1525 comminuente
856 1446 1017 1519 exstinctu
1039 1459 1100 1514 est.
1130 1446 1286 1533 Quaestus
1306 1466 1395 1513 ceusu

338 1546 446 1626 enim,
467 1561 505 1615 ut
518 1549 649 1635 omniu,
666 1553 811 1623 exerceri
828 1566 938 1647 emptu
955 1566 1021 1637 est,
1043 1574 1116 1646 quoe
1139 1549 1254 1645 gloriae
1268 1548 1395 1619 solebat.

337 1649 420 1721 Ideo
436 1653 536 1721 etiam
556 1654 697 1724 deorum
719 1656 885 1752 adscripta
904 1656 1142 1752 operi¹,quum
1162 1680 1318 1751 proceres
1331 1679 1396 1749 gen·

337 1757 420 1826 tium
439 1756 621 1829 claritatem
644 1776 678 1831 et
697 1762 762 1832 hae
787 1767 840 1831 vis
860 1778 1046 1857 quoererent
1063 1789 1070 1831 ε
1090 1762 1241 1856 adeoque
1263 1760 1397 1831 exolevit

336 1860 497 1933 firndendi
516 1867 589 1935 aeris
605 1870 741 1962 pretiosi
758 1872 859 1953 ratio,
874 1883 912 1937 ut
924 1869 1047 1962 jamdiu
1066 1892 1109 1937 ne
1123 1868 1259 1937 fortuna
1272 1866 1396 1961 quidem

302 1996 319 2031 s
338 1968 371 2035 in
388 1994 453 2038 mre
464 1976 517 2063 jus
530 1974 611 2041 artis
629 1974 759 2043 habeat.
779 1978 831 2045 Ex
851 1973 905 2043 illa
925 1990 1035 2043 autem
1059 1975 1193 2068 antiqua
1213 1973 1320 2068 gloria
1339 1974 1396 2042 Co·

336 2074 496 2146 cinthium
511 2080 653 2147 maxime
667 2079 822 2149 laudatur
835 2110 843 2149 :
858 2080 922 2150 hoc
936 2106 1032 2150 casus
1045 2077 1208 2163 miscuit²,
1223 2072 1396 2159 Corintho,

377 2304 419 2339 ro.
437 2286 564 2341 Cadmum
577 2290 742 2343 momoriae.
759 2290 788 2342 Si
802 2290 847 2343 Li·
888 2289 1029 2354 adsentiar,
1040 2288 1074 2343 de
1084 2290 1220 2354 Sestertio,
1231 2290 1286 2355 111,
1297 2308 1325 2360 p.
1340 2288 1397 2355 529,
1441 2318 1442 2321 ¹

333 2366 642 2438 visuumosexceperis,
653 2369 802 2423 Meriannm
813 2388 847 2423 sss
889 2370 924 2423 itu
948 2370 1121 2439 conjicienti,
1139 2369 1302 2441 cupressibus
1320 2368 1396 2437 dipon-

333 2446 448 2500 maxitne
470 2447 593 2502 omnium
613 2450 720 2510 sorbet,
741 2450 847 2522 sibique
888 2450 990 2522 diuque.
1012 2447 1083 2503 Vide
1101 2466 1159 2521 quer
1179 2447 1213 2502 de
1232 2450 1356 2503 universe·
1372 2464 1397 2501 re

333 2524 495 2596 adglutinut,
511 2529 717 2601 commisoetque
729 2528 846 2601 lapidem
890 2531 1036 2583 monetario
1067 2539 1187 2582 veterum
1221 2531 1395 2582 Romanorum

333 2605 480 2670 cadmiam,
499 2626 585 2679 quum
603 2608 631 2661 in
652 2607 797 2674 eumdem,
816 2611 845 2662 iu
890 2627 954 2662 curu
967 2609 1094 2680 singulari
1104 2607 1236 2672 diximus,
1248 2609 1320 2661 ineo
1330 2608 1395 2660 volo·

333 2703 390 2757 quo
412 2686 544 2742 conflatur
562 2706 612 2752 os,
635 2688 770 2742 fornacem
796 2689 847 2742 im·
890 2689 978 2752 mine,
991 2687 1064 2759 quod
1087 2689 1187 2743 Nummi
1208 2693 1307 2760 antiqui
1326 2688 1397 2756 Popu-

333 2765 459 2820 mittitur.
476 2763 568 2821 fluit.
890 2768 967 2820 iorum
977 2781 1002 2818 et
1011 2767 1112 2821 Urbium
1125 2768 1259 2833 illustrati,
1272 2766 1397 2836 inscripsi·

378 2863 423 2899 tr.
443 2846 474 2898 Is
492 2849 606 2900 sestertiis
625 2847 847 2920 dpondiadisque.
889 2865 957 2900 mus.
974 2847 1007 2900 li.
1020 2879 1059 2890 -
1071 2848 1101 2899 ln
1116 2851 1242 2900 sestertiis.
1255 2847 1397 2901 Fueruutns

334 2923 419 2977 Fuere
430 2925 511 2997 igitur
525 2938 552 2979 et
563 2944 594 2978 ex
611 2944 663 2979 ure
674 2927 799 2990 sestertii,
810 2928 845 2980 si·
890 2927 1001 2980 sestertii
1014 2927 1092 2987 κτείς
1103 2927 1192 2980 nullos
1201 2940 1275 2980 oerte
1285 2926 1397 2979 novimus

334 3003 390 3056 cuti
405 3002 537 3076 dupondii
552 3017 579 3058 et
591 3022 659 3059 esses
675 3025 682 3058 :
698 3025 730 3060 ex
746 3005 846 3077 dispsri
889 3005 940 3059 uisi
960 3019 1105 3078 argenteos.
1126 3008 1173 3070 dt,
1188 3019 1218 3059 ut
1237 3008 1344 3078 opiuor,
1359 3021 1398 3074 per

334 3095 437 3136 tentum
447 3084 506 3138 eris
515 3103 612 3156 genere
618 3083 743 3139 conflati:
754 3099 847 3140 sester-
890 3087 1022 3139 sestertios
1033 3086 1079 3139 hic
1089 3085 1257 3156 intelligendi
1269 3097 1330 3139 sunt
1338 3101 1394 3154 qus·

333 3163 379 3216 tiis
391 3161 603 3236 dupondiisque,
623 3165 767 3218 Matieno:
791 3165 846 3238 cy·
889 3161 1009 3228 drusses,
1027 3167 1075 3238 qui
1091 3163 1162 3218 idern
1179 3166 1306 3218 velebant
1318 3183 1348 3216 cc
1362 3181 1396 3215 se·

333 3242 398 3313 prio
411 3243 511 3319 assibps
520 3243 679 3314 adjudiesto.
690 3247 732 3298 De
740 3243 847 3315 dupon-
889 3244 1225 3310 stertii.Quudrustiseuim
1237 3257 1265 3299 et
1274 3243 1398 3297 sertertius

333 3320 381 3376 dio
397 3324 578 3377 exuretestis
593 3323 701 3377 Petrou.
716 3324 745 3377 in
759 3326 846 3395 Sstyr.
890 3322 979 3378 velent
997 3337 1109 3380 monete
1132 3324 1232 3396 gallicu
1250 3337 1345 3377 nostra
1362 3339 1396 3373 es·

332 3419 395 3474 pag.
413 3407 469 3465 io:
490 3426 503 3452 ι
522 3403 622 3457 Proter
634 3421 719 3456 uuum
738 3403 847 3476 dupon-
891 3421 932 3456 ses
945 3404 975 3467 3,
987 3421 1049 3456 curn
1062 3403 1178 3457 denariis
1186 3396 1239 3457 ⁸11.
1252 3400 1397 3474 Dupoudis·

333 3480 411 3536 dium
422 3480 620 3554 Sicilieumque,
631 3483 729 3553 quibus
738 3484 848 3554 lupinos
889 3481 946 3536 rius
955 3495 1001 3536 out
1012 3482 1166 3554 dupondius
1177 3483 1247 3536 volet
1257 3483 1339 3536 ferme
1347 3499 1395 3534 mo·

333 3558 562 3615 destinaveramus
579 3563 710 3627 maceri,
726 3563 797 3616 nihil
812 3561 847 3616 ad
892 3573 960 3616 uetae
972 3577 1070 3617 nostru
1081 3581 1149 3616 usses
1163 3583 1189 3615 s.
1202 3563 1290 3615 Bnor.

333 3657 444 3695 menum
463 3653 529 3694 erut.
546 3665 558 3688 ι
572 3641 614 3694 Ne
630 3660 712 3712 porro
729 3643 847 3697 Plinium
930 3643 981 3696 111.
999 3661 1023 3696 ι.
1042 3643 1102 3696 ideo
1118 3645 1189 3694 etium
1203 3643 1303 3694 &omri
1315 3639 1396 3692 aduri·

333 3719 525 3774 huliuciustum
540 3721 848 3787 esteexistimem,usus
888 3733 933 3792 pta
959 3727 1032 3791 operi.
1053 3721 1177 3775 Vulcani.
1198 3721 1349 3774 horinum
1366 3715 1396 3768 de

333 3798 406 3853 illius
420 3799 485 3864 ovi,
499 3817 581 3870 quem
593 3801 679 3871 probe
693 3800 720 3854 ei
737 3819 848 3872 perspe-
890 3801 955 3854 isles
971 3801 1056 3872 uetig.
1071 3803 1098 3866 1,
1114 3803 1161 3864 rii,
1174 3819 1201 3871 p.
1218 3805 1256 3854 tio
1277 3818 1284 3853 :
1301 3825 1312 3846 ι
1330 3799 1395 3864 Arte·

334 3891 407 3934 ctum
417 3878 469 3932 hee
479 3877 509 3930 in
519 3897 550 3932 re
561 3879 642 3933 fuisse
653 3898 733 3933 nemo
744 3881 848 3935 inficias
891 3899 998 3953 quoque
1010 3881 1064 3934 suis
1075 3879 1260 3936 inventoribus
1271 3881 1394 3933 immortu-

335 3958 413 4017 icrit:
424 3977 459 4012 ue
468 3971 611 4030 corruptos
618 3958 724 4013 codices
736 3973 847 4032 putem,
892 3961 993 4014 litatem
1003 3961 1135 4032 peperisse
1142 3959 1395 4025 uicesimarium

335 4037 489 4110 conspirans
500 4039 692 4109 exemplarium
704 4057 849 4094 consensus
892 4040 963 4112 lrpio
976 4039 1121 4104 medicine,
1131 4039 1258 4093 Vulcano
1271 4037 1390 4092 sobrios.»

335 4130 405 4171 votet
426 4134 434 4170 t
456 4116 579 4194 sdeoque
596 4137 632 4172 ue
656 4132 684 4172 et
707 4119 848 4174 Gronovio
934 4141 960 4174 ι.
994 4121 1050 4172 Hoc
1073 4139 1143 4174 ratus
1168 4122 1271 4173 misertit.
1296 4119 1395 4170 [notun
