2950 5000
342 461 410 532 262
699 461 973 531 EXCURSUS
998 463 1050 530 ll.

374 583 524 654 Metallurgi
536 581 667 636 esdmisru
673 579 767 636 dixere
776 581 890 654 lapidem
898 581 1084 635 calamiuarem
1096 617 1104 645 ‚
1116 599 1171 652 qno
1177 579 1214 634 ad
1224 580 1376 634 aurichalcum

338 686 368 720 er
383 685 434 720 aere
448 667 646 720 conficiendum
659 678 781 719 utuntur.
799 665 918 718 Tandem
932 666 1059 719 Germani
1077 665 1186 718 cadmia
1201 683 1290 718 nomen
1302 668 1377 716 subalta

337 755 461 808 tribuere.
477 755 544 808 Eam
557 755 663 808 obrem
677 755 802 826 Agricola
810 772 872 808 cum
885 755 1076 808 recentioribus
1090 753 1220 824 triplicem
1231 751 1379 823 cadmiespe·

337 845 563 907 ciemconstituit;
575 844 738 900 metallicam
747 863 829 898 unam
838 846 907 915 (quse
919 845 1053 896 cobaltnm
1064 843 1162 915 ipsum,
1172 840 1379 910 resolutumque

336 933 380 985 hic
400 952 477 1004 egere
495 936 717 1004 supervacuum),
729 931 846 984 fossilem
864 931 988 990 alteram,
1009 930 1117 983 tertium
1136 931 1299 982 fornaceaus:
1315 945 1379 999 quam

338 1019 497 1072 divisionem
510 1018 696 1072 retinebimus.

373 1106 482 1160 Cadmiu
494 1107 596 1170 natira,
608 1106 719 1178 Cypria,
735 1103 833 1176 sulpic
846 1102 960 1165 aestas,
977 1103 1073 1158 Galeni
1086 1121 1094 1156 :
1109 1103 1177 1175 lapis
1194 1120 1298 1164 erosos,
1312 1099 1382 1154 Plinii.

335 1194 484 1249 Substantia
496 1193 590 1246 fossilis
602 1204 655 1256 est,
674 1210 721 1244 seu
735 1193 827 1263 potius
841 1190 961 1262 quaedam
977 1191 1055 1262 cupri
1069 1190 1187 1256 minere,
1203 1209 1233 1242 ex
1247 1209 1293 1262 qna
1306 1189 1384 1240 Plinius

335 1294 422 1334 narrat
433 1299 547 1352 cuprum
557 1279 661 1332 fusione
670 1277 772 1332 extrahi
780 1279 860 1332 variis
871 1279 898 1330 in
909 1279 976 1330 asie
985 1291 1013 1330 et
1022 1278 1106 1332 ltaliae
1115 1279 1189 1332 locis.
1197 1276 1294 1331 Eadem
1303 1277 1382 1329 atlon

336 1382 403 1422 tasse
415 1387 498 1440 qnam
511 1368 628 1420 Galenus
644 1367 673 1418 iu
692 1367 783 1438 Cypro
801 1367 932 1437 reperisse
950 1379 1054 1432 narrat,
1068 1366 1131 1420 licet
1148 1379 1234 1420 tamen
1251 1383 1301 1418 uon
1311 1361 1385 1416 dixerit

336 1475 447 1527 cuprum
461 1475 492 1508 er
502 1474 530 1507 ea
539 1454 635 1507 confici
647 1472 732 1526 posse.
746 1453 832 1506 llodie
841 1453 917 1506 uobis
925 1453 1012 1524 ignota
1023 1465 1131 1519 est,aut
1141 1455 1233 1506 saltem
1240 1471 1298 1508 cum
1306 1449 1385 1506 ceteris

335 1545 414 1616 cupri
427 1543 537 1596 mineris
552 1541 733 1596 confunditur.
746 1543 836 1611 (Conf.
847 1560 929 1613 supra
940 1581 947 1607 ‚
960 1560 1018 1612 pag.
1032 1545 1100 1606 alio,
1112 1545 1238 1610 clalcise.)

371 1634 451 1704 Lupis
461 1633 634 1694 calaminaris,
644 1631 724 1684 Offic.
732 1631 882 1685 Substantia
891 1643 931 1682 est
940 1631 1046 1693 fossilis,
1055 1631 1152 1685 merlin
1161 1627 1326 1683 consistentia
1333 1627 1387 1678 iuer

337 1719 455 1791 lapidem
468 1732 495 1772 et
507 1732 617 1783 terram,
629 1719 719 1770 colore
732 1717 852 1779 diverso,
867 1716 949 1770 modo
965 1717 1072 1770 cinereo
1089 1735 1136 1770 seu
1149 1700 1189 1771 ea
1198 1718 1260 1773 albo
1275 1715 1388 1788 pallente,

335 1807 418 1860 modo
434 1807 572 1870 subluteo,
584 1804 667 1858 modo
678 1823 711 1858 ex
727 1806 805 1876 nigro
820 1805 942 1858 rubente.
952 1803 1014 1857 llaec
1022 1804 1166 1876 sphaerulis
1184 1804 1333 1874 ferrugineis
1343 1817 1388 1872 gn·

337 1915 433 1948 norum
448 1895 547 1967 piperis
560 1895 646 1965 figura
664 1904 690 1946 et
703 1892 820 1945 crassitie
837 1905 894 1946 tota
910 1910 1052 1965 conspersa
1069 1904 1123 1956 est,
1136 1905 1162 1946 ct
1176 1893 1279 1946 venulis
1291 1890 1349 1944 albis
1356 1887 1389 1940 di·

337 1984 439 2037 stincta.
448 1983 592 2054 liberrime
601 1980 702 2034 foditur
710 1982 740 2032 in
750 1999 813 2052 agro
823 1980 990 2041 Bituriceusi,
1000 1992 1025 2032 et
1033 1977 1104 2051 apud
1114 1980 1313 2052 andegavenses
1319 1994 1388 2050 prope

336 2071 504 2128 Selinusium.
520 2072 570 2125 Illa
587 2089 651 2124 vero
668 2071 697 2122 iu
713 2069 858 2124 Germania
873 2082 899 2122 et
914 2071 1062 2140 praesertim
1078 2070 1107 2122 iu
1124 2089 1190 2143 agro
1207 2061 1389 2142 Aquisgranensl

247 2171 252 2186 “
338 2160 478 2232 reperitur.

375 2249 438 2301 Hac
452 2247 555 2300 cadmia
570 2248 705 2302 veteribus
722 2247 822 2302 Graecis
840 2245 931 2318 ignota
944 2247 1024 2301 fuisse
1037 2245 1162 2313 ridetur;
1178 2247 1268 2300 saltem
1281 2243 1314 2298 ad
1329 2257 1390 2296 usum

339 2337 474 2390 medicum
494 2355 548 2388 non
566 2335 755 2398 adhibebatur,
781 2355 864 2408 quum
886 2355 899 2388 a
920 2334 1075 2391 Dioscorida
1091 2347 1117 2388 et
1136 2334 1239 2388 Galeno
1260 2331 1328 2386 nullu
1347 2332 1391 2400 rjus

337 2425 407 2478 factu
417 2424 496 2476 fuerit
506 2425 614 2479 mentio.
622 2424 731 2478 Hodiea
742 2423 852 2477 medicis
861 2417 1057 2496 nonnunquam
1064 2420 1292 2494 praescribitur,ad
1300 2419 1392 2472 bulsers

336 2512 447 2565 humida
460 2512 616 2566 exsiccando
629 2526 655 2564 et
668 2510 783 2567 munaida
794 2552 802 2577 ,
814 2512 848 2565 ad
860 2512 1000 2565 infantium
1013 2512 1204 2565 excoriationes
1216 2505 1392 2583 percurandss,

338 2600 380 2653 sel
393 2601 445 2654 suh
455 2601 573 2671 pulveris
584 2599 732 2653 tenuissimi
746 2599 844 2661 forma,
854 2600 897 2652 vel
906 2600 1047 2670 unguentis
1058 2597 1188 2652 admixta.

373 2687 526 2753 (cadmiam
544 2689 685 2760 Cypriam,
702 2704 750 2739 seu
768 2685 883 2757 lapidem
903 2704 1030 2752 aerosum,
1046 2687 1122 2739 rnulti
1140 2698 1241 2743 tamen,
1260 2700 1354 2756 neque.
1370 2688 1394 2731 nt

338 2778 452 2839 uidetur,
464 2759 598 2830 immerito
611 2775 646 2828 ad
659 2787 805 2829 nostratem
815 2774 949 2829 cadmiam
964 2774 1078 2828 fossilem
1091 2776 1228 2837 referunt,
1241 2791 1300 2843 quse
1314 2770 1393 2823 cadule

331 2869 431 2932 sossilc,
439 2868 520 2933 pierre
531 2867 707 2925 calumimire,
723 2864 764 2915 sel
777 2862 962 2929 hydro-silicata
973 2866 1005 2913 de
1015 2866 1086 2923 aisse,
1101 2864 1226 2913 solamine
1231 2899 1240 2921 ‚
1259 2856 1350 2911 nostris
1357 2872 1394 2924 ap-

342 2955 464 3024 pellatur.
486 2954 551 3007 Haec
571 2964 610 3005 cst
628 2951 731 3005 cadmia
747 2970 823 3023 qun,
838 2952 884 3004 seri
903 2950 1002 3012 mixta,
1023 2952 1193 3004 aamclalcaors
1206 2950 1315 3019 (leison,
1331 2948 1393 2997 esim

335 3047 425 3113 jaune)
447 3042 573 3109 coniicit;
591 3060 742 3113 quanquam
754 3041 856 3095 Plinius
868 3058 955 3111 capa
970 3038 1028 3111 huj.
1040 3040 1085 3091 lib.
1096 3038 1259 3109 peculiarem
1267 3029 1395 3087 auridsslcl

340 3132 470 3185 suineram
495 3132 588 3192 affert,
613 3147 672 3201 quar
691 3131 746 3201 jam
773 3134 848 3191 noia,
876 3126 941 3181 dum
961 3118 992 3181 ea
1008 3127 1157 3191 scriberet,
1179 3117 1395 3186 effodiebamsi

342 3238 459 3290 unquam
478 3218 577 3271 effossa
595 3218 670 3284 fuit.)

375 3305 487 3359 Cadmia
499 3304 654 3368 fornacum,
671 3323 718 3357 seu
731 3303 843 3370 factitia,
855 3302 955 3375 duplex
968 3313 1021 3367 est3
1036 3300 1139 3355 cadmia
1156 3301 1253 3355 factitis
1269 3300 1395 3353 vuemo.

339 3406 365 3445 et
378 3392 484 3445 cadmia
494 3392 593 3445 factitia
606 3392 809 3459 Recentiorum,
823 3409 870 3445 seu
881 3389 978 3443 Tuthia
989 3388 1173 3442 Officinarum.

373 3482 559 3543 Dioscorides,
579 3481 699 3534 Galenus
719 3494 748 3533 et
768 3480 870 3533 Plinius
890 3498 938 3549 per
958 3478 1085 3533 cadmiam
1105 3477 1233 3531 factitiam
1253 3477 1320 3531 nihil
1336 3468 1394 3527 alind

338 3568 524 3621 intellexerunt
539 3581 633 3639 preter
643 3580 838 3621 recrementum
848 3608 855 3632 ‚
865 3565 937 3639 quod
949 3586 981 3621 ex
991 3568 1050 3619 cris
1063 3566 1179 3627 minere,
1189 3564 1255 3619 dum
1265 3565 1293 3617 in
1300 3574 1396 3633 cupreus
1428 3560 1430 3565 ’

342 3656 474 3718 funditur,
488 3655 592 3709 follium
604 3656 669 3709 flatu
681 3658 785 3720 avolat,
796 3669 821 3708 et
833 3654 944 3707 fornacis
955 3654 1099 3725 parietibus
1111 3654 1277 3725 camerisqne
1287 3651 1396 3705 adhass

341 3748 417 3817 cujus
435 3744 515 3799 sarire
526 3757 590 3797 suut
603 3744 706 3816 species
721 3763 774 3816 pro
788 3742 897 3797 diversis
913 3744 969 3813 ejus
982 3740 1159 3795 concretionis
1174 3740 1282 3812 liguris,
1298 3758 1342 3812 pro
1353 3738 1396 3807 ejas

340 3833 469 3885 tenuitate
483 3832 524 3883 vel
537 3830 670 3896 crassitie,
688 3842 714 3884 et
726 3832 847 3885 colorum
865 3830 993 3883 varietate
1010 3832 1126 3897 (capnitis
1136 3828 1278 3895 videlicet,
1288 3826 1393 3893 torquis.

336 3923 437 3986 placitis
440 3958 447 3982 ,
459 3921 590 3985 onychitis,
602 3922 744 3986 ostracitis).

373 4006 478 4058 Verum
493 4005 534 4057 hie
546 4024 639 4062 omnes
652 4004 763 4059 cadmiae
776 4007 877 4079 species
891 4024 962 4059 nunc
977 4005 1003 4057 in
1018 4004 1135 4057 officinis
1153 4004 1250 4075 ignotas
1270 4016 1336 4057 suut.
1352 4000 1395 4053 llas

252 4114 254 4117 ·
338 4094 438 4149 Arabes
448 4112 492 4148 eas
503 4107 602 4147 norunt
610 4112 620 4158 3
629 4094 712 4148 immo
726 4104 825 4167 parum
838 4093 946 4149 solliciti
959 4092 993 4147 de
1006 4092 1160 4147 substantiis
1171 4110 1231 4165 que
1243 4094 1296 4149 sub
1305 4088 1396 4146 odnie
