2950 5000
343 471 410 547 186
602 469 642 540 C.
668 469 841 542 PLINII
867 473 975 544 Nar.
1002 473 1135 544 HIST.

337 608 560 688 insidiantem,
571 627 671 697 quem
683 606 916 676 sauroctonon
927 623 1058 678 uocant.
1072 610 1271 704 spectantur
1284 625 1313 680 et
1326 613 1378 682 duo

338 718 433 806 signa
449 711 520 805 ejus
535 709 684 780 diversos
700 711 843 783 affectus
860 705 1095 809 exprimintia,
1111 713 1219 785 flentis
1231 731 1379 800 matmne,

333 832 370 887 et
385 817 568 886 meretricis
595 816 777 912 gaudentis.
807 823 900 889 Hanc
922 833 1042 915 putant
1062 808 1263 916 Phrynen¹⁰⁶
1280 823 1380 908 luisse,

333 921 655 1018 deprehenduntque
675 926 709 992 in
724 948 765 993 ea
778 949 927 996 amorem
946 927 1098 1012 artificis,
1118 942 1152 998 et
1167 929 1340 999 mercedem
1353 931 1380 997 in

333 1029 430 1100 vultu
450 1030 645 1100 meretricis.

280 1167 314 1204 ss
386 1136 497 1206 Habet
511 1150 546 1206 et
562 1134 777 1206 simulacrum
790 1137 975 1234 benignitas
990 1139 1090 1234 ejus¹.
1120 1139 1298 1212 Calamidis
1309 1143 1380 1210 enim

235 1335 243 1344 1
330 1242 500 1340 quadrigar
518 1243 668 1339 aurigam
686 1267 783 1313 suurn
802 1246 975 1339 imposuit,
1000 1271 1042 1316 ne
1061 1244 1178 1318 mehor
1193 1248 1227 1316 in
1240 1271 1382 1340 equorum

331 1349 443 1446 effigie
465 1348 624 1420 defecisse
644 1351 678 1418 in
694 1349 833 1421 bomine
854 1351 1054 1425 crederetur.
1081 1359 1155 1449 Ipse
1182 1351 1335 1424 Calamis'
1356 1366 1383 1420 et

330 1452 411 1526 alias
432 1455 609 1551 quadrigas
630 1455 789 1552 bigasque
808 1457 903 1558 fecit,
925 1461 1017 1554 equis
1041 1485 1172 1554 semper
1193 1460 1264 1530 sine
1280 1456 1383 1530 amulo

330 1564 503 1658 expressis.
532 1562 599 1632 Sed
621 1587 663 1631 ne
690 1563 842 1634 videatur
862 1567 896 1634 in
916 1565 1089 1635 hominum
1112 1565 1224 1662 effigie
1246 1565 1383 1647 inferior,

331 1655 510 1740 Alcmena³
524 1666 646 1738 nullius
661 1684 712 1738 est
725 1669 878 1740 nobilior.

279 1793 312 1846 23
383 1762 595 1846 Alcamenes⁴
618 1775 743 1846 Phidiae
776 1776 959 1873 discipulus
981 1793 1015 1847 et
1044 1803 1232 1848 marmorea
1258 1777 1340 1863 fecit,
1356 1791 1384 1846 et

330 1907 454 1953 aereum
482 1880 697 1978 pentathlon,
721 1884 779 1977 qui
797 1899 937 1954 vocatur
961 1871 1258 1954 Encrinomenos⁵.
1279 1887 1320 1953 ht
1335 1886 1386 1953 Po

327 2063 590 2134 eertnParcemupit
598 2061 743 2134 digitiailla
752 2065 841 2134 perire
884 2064 1071 2136 alteram,qua
1087 2063 1210 2134 benignae
1229 2081 1282 2117 suat
1301 2061 1387 2115 indolis

327 2143 390 2198 tuis.
409 2167 421 2191 s
444 2141 528 2214 Cupit
551 2160 583 2196 ea
604 2142 733 2195 nimirum
755 2143 841 2196 nobili
883 2143 958 2198 dedit
969 2157 1166 2214 argumentum.
1179 2144 1247 2198 Natu
1257 2140 1386 2197 Calamidis

327 2223 383 2276 l'ato
405 2223 518 2294 perire,
539 2239 605 2275 nece
631 2241 647 2275 a
672 2234 728 2275 tam
755 2223 839 2275 nobili
883 2222 1020 2296 quadrigae
1035 2217 1154 2294 aurigam
1179 2241 1226 2275 sua
1246 2241 1322 2276 mann
1343 2223 1387 2274 ela·

325 2317 427 2373 puero,
448 2299 501 2354 deo
515 2301 626 2373 utique,
644 2301 724 2356 illata.
746 2302 839 2356 Simile
883 2304 1009 2356 horarum
1021 2303 1165 2373 imposuit,
1177 2315 1231 2356 etc.
1248 2304 1336 2355 Hasn.

326 2379 453 2437 conflasse
462 2381 567 2453 signum
580 2381 742 2453 Pythagoras
753 2383 840 2434 Leon·
926 2401 953 2437 a.
971 2384 1025 2454 Ipse
1040 2381 1157 2436 Calamis.
1178 2383 1220 2435 De
1244 2379 1384 2442 Calamide,

326 2461 397 2517 tinus
425 2459 525 2519 dicitur
555 2461 608 2516 boc
639 2460 698 2534 ipso
728 2461 838 2533 capite,
884 2461 982 2517 Cicero
999 2463 1028 2515 in
1045 2461 1139 2529 Bruto,
1153 2481 1181 2535 p.
1201 2461 1386 2529 5353Pausan.

326 2542 480 2613 Apollinem
499 2540 615 2605 seilicet,
636 2554 840 2613 serpentemque
884 2542 968 2595 Elian.
982 2554 1051 2612 post.
1067 2544 1119 2606 vt,
1131 2561 1159 2615 p.
1176 2543 1243 2597 365.
1256 2545 1334 2614 Prup.
1345 2542 1389 2605 tlt,

325 2622 425 2693 saginis
436 2621 682 2675 illiusconlectum.
697 2622 789 2675 Hsao.
883 2620 925 2674 El.
941 2623 957 2675 8
976 2638 983 2675 :
1004 2648 1015 2670 ι
1034 2624 1136 2676 Exactis
1152 2622 1268 2676 Calamis
1286 2640 1314 2675 se
1332 2618 1387 2674 rubi

370 2704 434 2757 106.
452 2701 576 2773 Phrynen.
598 2701 737 2754 Praxitelis
755 2700 840 2771 ipsius
882 2702 963 2773 jactat
978 2702 1062 2773 equis.
1077 2728 1088 2749 .
1103 2700 1389 2766 &indesponsata

326 2782 465 2845 amasiam,
473 2784 549 2853 cujus
560 2782 590 2834 in
600 2780 713 2853 gratiam
723 2794 750 2835 et
763 2783 841 2834 Arno·
884 2782 918 2837 el.
932 2800 956 2845 r,
967 2801 993 2834 v.
1007 2780 1043 2833 33
1055 2800 1062 2833 :
1079 2806 1091 2829 ι
1103 2780 1233 2835 Vindicat
1245 2795 1274 2835 ut
1285 2780 1389 2837 Calamis

325 2861 363 2917 ris
381 2861 553 2915 simulacrum
570 2861 617 2914 ille
636 2860 729 2925 linxit,
747 2860 841 2914 inseri·
884 2858 977 2914 laudes
991 2880 1058 2932 quos
1072 2862 1135 2915 ierit
1145 2878 1287 2929 equorum.
1304 2885 1317 2907 ι
1334 2860 1365 2911 Η.

325 2942 436 3013 psitque
454 2941 511 2994 basi
530 2940 708 3013 epigramma,
726 2959 742 2993 a
756 2940 841 2993 Simo·
928 2940 954 2993 3.
966 2941 1093 2995 Alcmena.
1107 2940 1230 2993 Herculis
1243 2952 1333 2994 mater.
1341 2940 1371 2991 tt.

325 3020 390 3075 nide
405 3019 596 3075 concinnatum
610 3019 639 3073 in
658 3020 770 3073 Autbol.
786 3020 839 3083 IV,
927 3025 954 3082 4.
983 3022 1135 3073 Alcamenes.
1158 3022 1293 3074 Hactenus
1310 3019 1342 3073 de
1356 3036 1391 3071 ce·

329 3120 376 3165 sa,
395 3113 423 3154 et
440 3098 513 3171 apud
527 3099 627 3153 Athen.
645 3100 797 3169 Πραξιτέλης
814 3102 840 3153 ὃν
885 3098 1048 3153 lebrioribus
1059 3100 1191 3154 statuariis
1201 3098 1389 3153 habitaculis:

325 3184 423 3249 lema
443 3176 605 3250 assuetam„
621 3180 703 3250 {pura
722 3168 757 3243 tii
776 3175 841 3241 idias
885 3180 976 3232 crateri
992 3178 1088 3232 deince
1108 3198 1167 3232 sex
1182 3180 1319 3251 alphabeti
1333 3179 1390 3232 serie

326 3265 401 3316 &aas
415 3262 551 3329 textam
568 3254 681 3329 aptadius.
702 3262 781 3330 Φρύνῃ
801 3278 842 3327 pt·
885 3257 1048 3330 appellandi.
1083 3198 1229 3330 bremme
1265 3258 1391 3313 Pausania

325 3344 380 3397 sats
390 3343 458 3409 tusis
473 3334 560 3400 διδοὺς
572 3340 727 3410 (pamma
739 3335 770 3393 di
781 3338 843 3405 βάλ-
884 3339 980 3391 crebro
993 3352 1170 3404 memoratus,
1181 3358 1236 3392 non
1250 3340 1307 3391 sine
1320 3354 1391 3409 pena

324 3422 463 3475 λυοῦκῖτι
474 3418 590 3483 scirtius,
599 3420 653 3472 ἀλλ’
663 3420 841 3490 ἀτενιζόμενος.
885 3416 945 3470 liari
957 3436 1069 3490 operum
1084 3421 1141 3491 ejus
1153 3417 1391 3479 commendatione,

325 3501 436 3557 Grotius
446 3500 485 3554 sic
497 3496 616 3552 reddidit
628 3516 636 3551 :
648 3500 758 3564 «Quam
771 3500 840 3552 benc
884 3496 912 3549 in
931 3498 1041 3563 Atticis,
1058 3497 1211 3563 Arcadicis,
1234 3510 1287 3551 etc.
1308 3500 1347 3551 De
1364 3514 1391 3548 eo

325 3580 470 3635 Praxiteles
478 3578 662 3650 linxit,qnem
672 3579 841 3632 sensithmo·
884 3596 990 3630 rursum
1013 3578 1124 3632 interius
1152 3576 1289 3645 XXXVI,
1316 3579 1346 3643 6,
1368 3588 1391 3627 et

324 3680 400 3715 nm:
417 3662 458 3714 De
478 3656 559 3713 cosule
574 3658 708 3728 exemplar
721 3676 840 3729 sumpse·
884 3658 935 3728 jam
948 3657 1160 3729 supradiximus.
1175 3656 1271 3711 Hasn.

324 3752 368 3795 rat
384 3740 429 3792 ille
448 3757 497 3792 auo
511 3757 519 3790 s
533 3739 634 3809 Meque
652 3738 703 3790 mei
722 3738 839 3807 pretium
926 3736 953 3791 5.
984 3738 1180 3791 Encriuomenos.
1212 3727 1392 3808 Ilpaprsdpnse,

325 3820 436 3892 Phryne
459 3816 536 3871 dedit
559 3837 566 3871 :
589 3816 654 3871 inde
674 3818 772 3888 sagittis
796 3818 840 3871 Nil
884 3818 931 3889 qui
946 3817 1050 3871 athletis
1062 3830 1265 3881 annumeratur,
1281 3829 1307 3871 et
1317 3818 1392 3869 ineo·

324 3919 393 3972 opus
406 3910 467 3953 est:
484 3897 577 3952 videar
594 3898 617 3951 ai
634 3896 731 3962 modo,
746 3909 786 3951 sat
802 3898 839 3951 le·
883 3916 944 3951 rum
968 3915 1109 3951 nnmerum
1131 3896 1270 3967 recipitur,
1289 3896 1391 3969 impuris

325 3981 376 4035 rio.
391 4006 404 4028 ι
418 3981 512 4033 Haeo.
884 3980 1011 4039 tatastat,
1038 3977 1147 4039 athletas
1172 3977 1219 4047 qui
1247 3979 1341 4048 probat
1364 3984 1391 4025 ut

218 4126 220 4129 Α
369 4078 393 4113 r.
407 4058 491 4111 Habet
507 4070 532 4110 et
554 4057 707 4109 simulacrum
727 4056 839 4126 derigui-
883 4056 1048 4129 recipiantur
1058 4070 1084 4110 et
1095 4070 1293 4111 accenseantur.
1303 4054 1391 4109 Cicero

325 4152 364 4192 tus
373 4142 432 4210 ejus.
446 4138 521 4193 Fecit
530 4150 558 4191 et
566 4137 711 4191 Praxiteles
723 4138 838 4208 effigiem
883 4138 930 4191 lib.
945 4139 958 4190 1
972 4136 1006 4190 de
1024 4136 1103 4191 Offir.
1129 4130 1236 4207 uAtq'ui
1252 4137 1305 4191 boc
1327 4133 1392 4189 iden
