2950 5000
319 412 396 525 592=
452 468 455 474 .
590 410 1099 483 naurnrinamnsa.
1169 378 1171 383 ’

317 547 475 617 advectos
493 546 662 641 primurn,
684 569 768 638 quos
788 546 899 615 Grueci
922 561 1069 616 macatos
1097 535 1369 620 vocaband'to·

317 677 406 722 marn
429 654 476 721 rei
497 652 606 721 fecere
624 652 785 745 proximae
804 653 1005 736 Pannoniae,
1022 653 1056 721 id
1078 656 1274 748 accipientes
1292 659 1371 726 ciret

318 783 411 828 mare
420 757 634 827 Adriaticum.
645 756 736 826 Pado
746 780 970 827 veroannexae
982 757 1101 828 fabulae
1110 748 1264 829 videtur⁵⁹
1273 786 1371 844 causa,

317 865 484 985 hodieque
500 862 813 957 Transpadanorum
831 864 1016 983 agrestibus
1028 851 1192 935 feminis*
1194 867 1371 951 ,monilium

319 974 393 1041 vice
413 972 548 1039 succina
566 968 791 1063 gestantibus,
814 970 957 1039 maxime
978 969 1107 1039 decoris
1125 974 1247 1066 gratia,
1274 974 1324 1041 sed
1342 988 1372 1042 et

319 1061 523 1146 medicinae⁶¹
537 1074 694 1169 .quando
707 1072 846 1143 tonsillis
860 1074 1007 1144 ereditur
1018 1078 1185 1163 resistere,
1195 1092 1229 1147 et
1242 1078 1372 1148 faucium

319 1184 424 1269 vitiis,
442 1181 535 1251 vario
554 1204 674 1311 genere
690 1166 874 1274 aquaruni⁵
875 1179 994 1274 'juxta
1012 1181 1188 1251 infestante
1201 1199 1325 1277 guttura
1337 1208 1372 1253 ac

270 1308 302 1360 13
320 1289 445 1356 vicinas
464 1272 597 1357 carues⁶
599 1272 807 1356 {Sescentis
825 1285 893 1355 sere
905 1310 934 1357 u
950 1311 1035 1381 pass.
1050 1244 1287 1358 aCarnuiito⁶⁴
1299 1293 1372 1359 Pau-

320 1396 427 1464 uouiae
448 1394 547 1462 abest
562 1392 653 1463 littus
675 1392 708 1460 id
732 1394 935 1479 Germaniae,
958 1418 998 1461 ex
1017 1418 1085 1487 quo
1103 1394 1285 1477 invehitur,
1304 1422 1372 1491 per-

319 1501 489 1596 cognitum
508 1523 626 1593 nuper.
647 1497 740 1566 Vidit
768 1499 855 1567 eninr
882 1523 982 1593 eques
1009 1524 1183 1584 romanus,
1212 1503 1322 1571 missus
1336 1500 1373 1570 ad

319 1606 352 1674 id
373 1603 634 1723 comparandum
654 1602 820 1672 aJuliano
835 1620 972 1674 curante
985 1592 1250 1724 gladiatorium⁶⁵
1267 1631 1373 1677 munus

319 1712 463 1780 Neronis
489 1711 661 1805 principis,
688 1710 746 1803 qui
777 1709 849 1778 haec
871 1712 1071 1779 commercia
1098 1726 1132 1780 et
1158 1710 1269 1782 littora
1292 1736 1372 1807 pera·

319 1818 443 1912 gravit,
458 1830 549 1885 tauta
563 1816 658 1910 copia
670 1816 821 1902 inventa,
844 1830 882 1884 ut
897 1818 979 1885 retia
994 1817 1145 1887 arcendis
1157 1817 1234 1887 feris
1252 1820 1371 1914 podium

319 1924 528 2017 protegentia
553 1922 688 1990 succino
716 1868 979 1991 nodaienturffi:
972 1946 1100 1991 ·arma
1126 1950 1229 2009 vero,
1254 1940 1286 1995 et
1311 1924 1372 1993 libi·

361 2148 408 2202 58.
429 2146 540 2199 Masatos
563 2144 693 2197 matam.
715 2144 832 2217 Majores
876 2144 1373 2222 nivalium,quaeextummiadlpiumju·

320 2224 421 2279 succini
445 2224 549 2295 glebas,
577 2223 618 2276 vel
646 2223 831 2295 pretiosiores,
875 2225 915 2296 gis
927 2224 1033 2295 liquata
1041 2245 1104 2279 cuni
1118 2230 1241 2282 amnibus
1254 2231 1374 2284 contran-

256 2368 259 2374 ‚
319 2307 448 2378 μακὶςους.
463 2304 555 2356 Haau.
877 2318 929 2357 tur.
951 2303 1018 2359 Inde
1039 2308 1148 2360 strumis
1161 2327 1254 2361 eorum
1268 2310 1373 2363 amnium

362 2386 409 2455 59.
425 2385 537 2437 Aaneeoe
545 2382 637 2445 sabula
646 2382 833 2436 rideturcaura.
877 2384 973 2437 accola
989 2398 1151 2457 potoresque
1163 2389 1281 2442 obnoxii.
1297 2388 1372 2441 Hira.

319 2464 405 2518 sotini
417 2461 600 2536 panphrasir.
613 2480 671 2534 cap.
684 2480 732 2528 xx,
742 2481 770 2532 p.
783 2468 833 2527 do,
918 2462 964 2518 63.
977 2466 1018 2518 Ac
1033 2468 1125 2518 uirium
1136 2488 1231 2521 curaer.
1244 2468 1332 2523 Nullus
1343 2480 1375 2522 est

320 2544 354 2597 de
375 2544 483 2597 succino
499 2560 506 2595 :
520 2563 531 2586 ι
546 2543 665 2595 Pretium
687 2561 777 2614 opertu
795 2555 834 2596 est
876 2543 980 2598 euss.
994 2543 1132 2599 oodicilrus
1147 2549 1194 2618 qui
1210 2549 1329 2602 salmasio
1341 2549 1373 2601 la·

320 2618 834 2694 irelongins‚nePadunresilvneredun·
876 2635 951 2688 veut,
965 2624 998 2677 ita
1014 2625 1134 2694 legenti:
1154 2653 1167 2674 ι
1185 2629 1264 2681 Juxta
1277 2629 1307 2680 iis
1317 2627 1373 2682 iule-

321 2716 365 2755 tur
376 2700 493 2773 lapidem
507 2701 617 2754 flevisse.
631 2701 708 2754 lianc
719 2701 834 2772 speciem
875 2714 960 2755 stante
966 2715 1123 2774 guttura‚sc
1132 2706 1227 2759 vicinis
1233 2705 1373 2761 Cunissa

320 2781 349 2834 in
373 2782 512 2851 Illyricum
540 2780 646 2832 barbari
670 2780 834 2846 intulerunt,
918 2785 963 2845 64.
987 2783 1122 2837 Carnunto.
1141 2785 1271 2840 Carnunti
1291 2785 1372 2840 tuden

320 2880 379 2934 quar
389 2879 473 2932 quum
483 2878 533 2930 per
544 2857 696 2913 Pannonian
706 2879 835 2912 commer-
877 2857 964 2914 adhuc
977 2861 1104 2916 videntur
1118 2865 1189 2918 iuter
1201 2865 1339 2935 Halm
1350 2875 1374 2918 et

305 2943 360 2993 'cia
380 2959 429 2993 usu
444 2937 479 2992 ad
493 2939 698 3010 Transpsdanor
713 2939 833 2992 homines
876 2941 1004 2994 Petroueb.
1016 2943 1100 2996 Buor.

319 3020 389 3072 soret
409 3017 551 3084 devoluta,
569 3016 644 3089 quod
662 3018 699 3070 ibi
714 3019 833 3089 primurn
917 3020 963 3074 65.
978 3019 1159 3074 Gladiatorium
1168 3022 1372 3089 miuus.Quodiu

318 3099 402 3151 nostri
424 3095 560 3161 viderant,
582 3097 620 3149 ibi
639 3098 719 3150 etiarn
741 3109 833 3150 nutum
877 3099 1074 3170 amphitheatro
1097 3101 1204 3172 ligneo,
1230 3103 1257 3156 in
1281 3105 1373 3174 rep'oue

319 3191 487 3249 putaverunt.
502 3202 513 3225 ι
530 3177 622 3230 Hian.
876 3177 965 3231 Martii
989 3180 1076 3253 campi
1097 3181 1167 3234 iutra
1190 3183 1252 3236 anni
1273 3183 1370 3254 spatium

359 3261 404 3311 60.
436 3257 665 3325 transpadanam
697 3255 833 3325 agrestibus
876 3257 1004 3312 fabricato
1027 3258 1111 3313 dedit.
1132 3261 1311 3315 Suetoniusiu
1326 3261 1370 3314 tte·

312 3337 421 3404 semion.
431 3334 475 3387 Sic
486 3335 564 3388 Mss,
574 3353 630 3387 uon
643 3335 833 3405 Transpadana·
875 3355 956 3402 rone,
970 3355 1031 3408 cap.
1043 3357 1094 3392 xrs.
1108 3340 1202 3393 Hrun.

319 3436 380 3470 rum.
404 3412 541 3479 Isidorus,
567 3414 644 3484 Orig.
671 3413 719 3467 lib.
746 3414 829 3474 xv1,
917 3419 964 3468 66.
981 3417 1368 3489 Utntiaarcendirfirdpnhh

318 3513 376 3567 cap.
393 3497 409 3549 8
425 3515 432 3545 :
451 3495 499 3546 «E
518 3493 626 3546 succino
640 3493 709 3545 flunt
728 3491 833 3546 decoris
872 3500 1023 3566 protegentia
1044 3501 1145 3550 aarum&
1171 3511 1306 3550 notarentur
1323 3495 1367 3559 (sic

266 3564 271 3573 ’
317 3575 402 3645 gratia
416 3573 556 3644 agreitinm
570 3573 730 3626 feminarum
745 3572 832 3625 moni·
876 3571 979 3646 prius).
1005 3577 1075 3647 Lege
1092 3599 1098 3628 :
1117 3583 1213 3630 succho
1233 3579 1363 3630 nomn.

318 3655 363 3706 lia.
377 3680 388 3701 ι
406 3651 522 3707 Ovidius
538 3671 618 3722 supra
633 3649 771 3718 laudatus,
787 3671 830 3704 nu·
877 3655 958 3708 Arma
974 3657 1063 3710 omniu
1079 3655 1248 3726 gladiatoria,
1261 3669 1363 3710 etum

318 3734 385 3786 ribus
398 3732 517 3802 gestando
533 3733 637 3785 utino.
653 3732 744 3784 Hiar).
876 3733 1179 3806 ludoeompositaerunt
1189 3737 1296 3790 succino.
1305 3733 1362 3786 neta

359 3817 406 3866 61.
424 3811 476 3864 Sed
491 3824 516 3864 et
533 3811 664 3865 medicine.
676 3809 747 3863 Vide
763 3810 834 3863 Mat·
877 3831 1037 3886 porroque
1058 3814 1172 3886 podium
1199 3815 1360 3887 protegelnt.

317 3891 432 3944 thiolum
445 3891 472 3944 in
486 3891 575 3944 Dioso.
588 3890 637 3943 lib.
652 3891 681 3954 1,
698 3909 758 3960 cap.
776 3888 830 3958 93,
877 3894 985 3947 succino
1005 3907 1081 3947 erunt
1094 3893 1207 3956 nodata,
1222 3897 1239 3948 i.
1256 3913 1276 3947 a
1291 3891 1360 3946 uodo·

317 3989 379 4042 pag.
395 3971 460 4041 ¹39·
475 3970 566 4023 urso.
875 3971 1008 4025 habebant
1021 3991 1037 4024 e
1057 3974 1182 4037 succino,
1199 3975 1237 4028 vel
1254 3975 1306 4026 Ιοω
1320 3987 1359 4022 uo·

357 4053 405 4104 62.
421 4051 662 4122 Vario...aquaram·
679 4049 829 4103 Praesertim
874 4049 971 4105 dorum
990 4052 1141 4108 runcinum:
1158 4053 1246 4108 nodosa
1258 4055 1310 4105 retis
1320 4046 1356 4102 li·
