2950 5000
335 391 406 466 206
605 393 644 461 C.
670 393 841 465 PLINII
866 395 975 464 NAT.
1000 395 1131 465 HIST.

335 542 523 598 mentorum
548 526 618 618 jam
644 525 773 619 pridem
802 525 979 598 translatus
999 542 1067 615 est,
1092 525 1212 598 tabulis
1231 513 1388 617 nmis³‚in

335 636 456 730 quibus
479 631 619 729 publicae
641 634 893 704 constitutiones
913 634 1114 706 inciduntur.

305 775 316 811 ι
390 744 504 812 XXII.
528 732 592 828 (x.)
609 737 747 807 Metalla
764 742 837 810 aeris
859 739 971 810 multis
994 740 1102 810 modis
1118 741 1285 812 instruunt
1304 740 1392 812 medi

337 851 464 935 cinam,
476 860 592 960 utpote
608 869 711 939 quum
723 844 859 916 hulcera
873 849 984 916 omnia
996 847 1041 918 ibi
1046 849 1217 964 'ocyssime
1235 861 1390 916 sanentur.

337 957 485 1026 Maxime
499 952 609 1022 umen
624 952 760 1046 prodest
778 951 928 1024 cadmia.
946 952 1009 1022 Fit'
1027 955 1097 1022 sine
1113 953 1218 1024 dubio
1237 953 1305 1024 heo
1319 967 1351 1022 et
1364 954 1393 1022 in

336 1061 467 1155 argenti
485 1059 694 1145 fornacibus,
720 1058 893 1128 candidior
919 1082 958 1129 ac
980 1060 1089 1128 minus
1116 1058 1320 1156 ponderosa,
1346 1057 1395 1128 sed

338 1189 547 1261 nequaquam
560 1165 783 1295 comparanda
795 1167 926 1236 aerariae.
943 1164 1043 1236 Plura
1058 1181 1169 1236 autern
1185 1190 1307 1260 genera
1319 1179 1394 1234 sunt

336 1276 489 1392 Namque
506 1285 544 1340 ut
557 1273 627 1389 ipse
645 1257 758 1365 lapis³,
774 1297 815 1340 ex
832 1297 900 1365 quo
915 1271 953 1340 fit
967 1297 1028 1359 aes,
1045 1271 1174 1342 cadmia
1192 1271 1397 1358 vocatur,iir·

336 1381 422 1450 suris
441 1379 664 1504 necessarius,
678 1377 848 1450 medicinae
862 1365 1025 1447 inutilis⁴r
1045 1379 1091 1448 sic
1110 1363 1238 1448 ιιιιειιε5
1253 1380 1287 1448 in
1304 1377 1398 1450 soma

380 1581 407 1633 3.
434 1577 534 1631 Tabulis
561 1580 638 1630 oreis
666 1577 770 1630 Priscus
794 1577 855 1629 illos
939 1598 965 1632 s.
982 1577 1035 1631 Fit.
1044 1575 1170 1630 Totidem
1183 1575 1397 1632 verbisheeln'd.

337 1659 446 1713 Grecos
459 1676 490 1710 ac
503 1656 725 1729 Latinos51eges,
738 1653 852 1720 loedcra,
896 1655 948 1710 loc.
963 1657 1006 1710 cit.
1021 1669 1048 1712 et
1064 1657 1153 1710 Diose.
1166 1659 1204 1724 V,
1218 1660 1254 1720 84
1272 1679 1277 1709 :
1293 1659 1399 1710 Γειιᾶτιι

339 1737 480 1810 aliaqnein
489 1736 665 1790 minutulis
675 1737 854 1807 insculpsisse,
897 1731 927 1790 di
939 1732 1052 1808 aedpsia
1064 1737 1106 1790 aei
1123 1738 1152 1790 lis
1167 1743 1217 1790 τῶν
1233 1737 1346 1808 ἀργυρίων
1355 1743 1400 1789 λιιι-

339 1818 495 1874 tralstitium
518 1829 565 1868 est.
584 1816 694 1882 Livius,
713 1817 771 1880 ΙΙΙ,
797 1817 852 1886 57:
898 1818 988 1886 scripu.
1005 1812 1285 1886 interseruntur·
1300 1811 1399 1872 mttt
1438 1823 1439 1826 ’

344 1924 356 1946 ι
371 1899 455 1968 Leges
469 1895 676 1960 decemvirales,
691 1897 788 1968 quibus
799 1897 855 1948 XII
898 1898 943 1955 τὴν
953 1891 1058 1966 δύναμιν
1070 1890 1154 1953 ἧττον.
1165 1897 1267 1950 Gallis:
1281 1897 1401 1950 abuius:

339 1977 451 2030 Tabulis
461 1993 562 2028 numen
574 1983 614 2027 est
627 1973 761 2037 inditum,
779 1976 806 2027 in
821 1993 856 2027 aes
899 1975 1080 2045 Reperitnrin
1091 1975 1188 2041 Gallia,
1198 1977 1263 2030 etin
1275 1973 1401 2030 leodiensi

342 2058 448 2119 incisas,
461 2056 489 2109 in
502 2054 614 2125 publico
627 2067 851 2125 proposuerunt·
898 2071 970 2125 agro.
986 2055 1078 2107 Hsnn.

342 2136 450 2191 Servium
456 2135 485 2188 in
492 2131 559 2188 illud
567 2134 687 2187 Maronis
693 2131 853 2188 AEneidVI:
942 2135 967 2188 3.
985 2135 1095 2206 Namque
1107 2147 1134 2186 ut
1147 2138 1198 2205 ipse
1211 2135 1286 2204 lapis.
1303 2135 1360 2190 Nou
1370 2145 1403 2186 ut

346 2242 357 2264 ι
372 2215 443 2268 Fixit
457 2216 529 2286 leges
542 2215 630 2284 pretio
652 2226 733 2286 atque
751 2213 855 2266 refixit:
900 2213 1045 2285 inproprie
1062 2211 1179 2280 cadmia,
1192 2213 1240 2266 sed
1261 2213 1361 2268 cadmia
1371 2227 1402 2266 ta·

343 2295 415 2349 Fixit
428 2309 515 2347 autem
532 2292 610 2357 ideo,
623 2293 726 2364 inquit,
736 2292 799 2363 qnia
815 2293 857 2344 in·
900 2312 962 2345 men
986 2311 1000 2345 a
1019 2293 1157 2346 nonnullis
1173 2307 1296 2346 vocatur.
1316 2293 1402 2345 Plinius

343 2374 403 2428 cisse
416 2375 445 2427 in
465 2373 540 2426 aereis
555 2373 652 2424 tabulis
672 2373 743 2443 leges
765 2371 857 2442 affige·
901 2373 952 2424 hoc
962 2373 1009 2426 lib.
1020 2391 1043 2425 c.
1059 2390 1093 2424 a:
1114 2399 1126 2421 ι
1138 2373 1181 2425 Fit
1195 2392 1247 2439 aas,
1262 2385 1290 2426 et
1302 2391 1317 2426 e
1329 2370 1403 2443 lapide

343 2456 442 2511 huntur
452 2451 600 2525 parietibus
614 2473 620 2504 ι
639 2476 651 2499 ι
662 2452 717 2507 Cic.
727 2451 797 2505 Phil.
806 2449 858 2517 ΙΙΙ,
901 2469 999 2518 moso,
1016 2470 1095 2524 quem
1106 2450 1241 2506 cadmiam
1254 2467 1378 2507 aucant.-

345 2536 383 2589 36
401 2555 407 2585 :
429 2560 441 2581 ι
455 2533 588 2585 Antonius
600 2532 678 2586 falsas
694 2532 765 2601 leges
780 2531 809 2584 in
824 2550 858 2585 es
942 2538 969 2596 4.
983 2532 1113 2585 Medicina
1126 2533 1229 2585 inutilis.
1242 2534 1355 2587 Fallitur
1362 2531 1405 2583 Pli-

344 2611 501 2668 incidendas
512 2624 541 2665 et
550 2612 579 2663 iu
589 2612 725 2683 Capitulio
737 2610 859 2681 figendas
901 2612 962 2665 nius
974 2631 980 2665 :
993 2612 1085 2665 multis
1099 2611 1206 2665 animis
1219 2612 1347 2668 mmediis
1356 2612 1406 2684 pol·

344 2693 456 2747 curarit.
471 2716 483 2739 ι
502 2692 574 2745 Ηίιιο
593 2704 620 2744 et
637 2691 709 2761 leges
726 2691 790 2761 ipsas
807 2710 858 2743 sem
901 2691 948 2744 let.
964 2692 1033 2745 Dar..
1044 2691 1201 2745 -lnuutte
1225 2693 1281 2746 Per
1297 2712 1324 2745 se
1341 2690 1406 2745 ninii·

345 2772 493 2845 appellatas.
508 2769 584 2825 Ideni
602 2771 708 2824 Tullius
720 2767 808 2839 Epist.
824 2769 858 2823 ad
902 2789 979 2835 rum,
999 2789 1087 2843 neque
1113 2772 1220 2824 ustione
1243 2784 1405 2844 preparatus.

346 2854 420 2905 Fam.
432 2851 525 2916 x11,1
540 2872 547 2903 ι
560 2877 573 2899 ι
586 2852 670 2921 Cujus
683 2868 734 2903 tera
746 2848 858 2920 refigere
903 2850 1011 2921 Alioqui
1025 2852 1096 2903 euim
1107 2850 1220 2916 medici,
1233 2864 1266 2905 nt
1278 2851 1405 2923 Nympho·

345 2931 527 2992 debebamus,
550 2932 608 3000 ejus
630 2930 709 2983 etism
725 2930 860 2999 chirogra-
902 2929 1002 2998 dorus,
1018 2944 1044 2983 et
1060 2930 1152 2995 lollss,
1170 2944 1256 3002 atque
1276 2950 1308 2985 ex
1327 2946 1406 2985 enm

347 3012 401 3083 pba
413 3008 593 3065 defendimus.
609 3035 620 3057 ι
637 3010 672 3062 Et
684 3010 726 3061 111
737 3010 766 3060 in
780 3009 858 3062 Catil.
903 3010 1007 3081 placitis
1020 3010 1123 3062 Plinius
1136 3010 1193 3081 ipse
1208 3014 1262 3065 suh
1276 3012 1356 3064 finem
1366 3011 1407 3062 ha·

350 3090 689 3160 19:1Quumetlegum
706 3106 758 3141 asra
773 3090 858 3160 lique·
902 3091 943 3159 jus
976 3090 1071 3159 capitis
1102 3102 1228 3142 exustum
1259 3092 1406 3145 cribratum·

347 3171 517 3225 factasunt.»
531 3170 636 3221 Tamen
645 3168 790 3221 vetustiore
802 3186 860 3221 nro
903 3168 999 3239 quein
1016 3169 1104 3222 varius
1124 3168 1268 3224 medicina
1292 3189 1355 3223 usus
1373 3186 1407 3221 re·

346 3251 436 3304 incisas
455 3250 483 3301 in
505 3248 579 3319 ligno
599 3250 679 3318 leges.
697 3248 783 3301 Testis
797 3248 860 3301 Gel-
904 3246 1032 3303 condunt.
1044 3250 1135 3302 Ham.

347 3330 408 3395 lius,
425 3331 468 3395 11,
486 3347 540 3382 ss:
565 3353 576 3375 ι
591 3329 622 3380 In
640 3327 743 3398 legibus
755 3326 861 3381 Solonis
945 3328 971 3380 5.
981 3327 1023 3380 Sic
1034 3346 1116 3380 rursus
1128 3330 1308 3397 injuriantibus
1320 3328 1407 3380 sssbtit

347 3410 399 3463 illis
424 3406 627 3477 antiquissimis,
655 3424 715 3478 qne
750 3408 861 3461 Athenis
905 3408 950 3461 Sic
962 3425 1068 3460 rursum
1085 3409 1135 3461 alia
1154 3409 1182 3460 in
1204 3408 1407 3483 fornacibus‚is

347 3492 440 3543 axibus
459 3487 554 3557 ligneis
571 3487 663 3539 incisae
682 3499 760 3550 sunt,
780 3500 857 3540 etc.»
904 3507 963 3558 quas
978 3488 1041 3558 lapis
1056 3488 1097 3540 ills
1109 3490 1247 3557 conjicitur,
1266 3490 1408 3557 adfusus·

347 3568 428 3622 Unde
440 3568 488 3620 has
503 3568 593 3638 legum
612 3567 716 3619 tabulas
728 3568 762 3619 ab
777 3568 861 3621 Athe·
904 3569 974 3631 seris,
1000 3565 1102 3622 cadmia
1131 3568 1262 3638 gignitur,
1292 3570 1408 3637 aliamque

347 3648 485 3701 aiensibus
495 3645 605 3699 Axonas
615 3664 670 3698 esse
680 3658 861 3717 nuncupatas,
905 3646 986 3699 habet
999 3647 1129 3717 originem
1144 3646 1241 3700 eodem
1253 3660 1357 3701 serrato
1367 3664 1408 3699 nu·

347 3726 507 3783 Plutarchus
519 3726 548 3778 in
559 3724 658 3778 Solone
670 3725 758 3779 tradit.
771 3727 806 3779 Η.
904 3726 985 3779 mine.
999 3728 1041 3779 Ita
1053 3728 1084 3779 ll.
1103 3746 1136 3790 s,
1148 3728 1296 3798 caeterique
1307 3725 1377 3780 MSS.
1384 3734 1409 3775 ut

386 3806 477 3859 XXII.
493 3824 517 3858 ι.
528 3805 642 3857 cadmia.
656 3805 778 3859 Factitis.
789 3808 859 3860 Dar..
905 3817 1078 3860 connectatur
1088 3807 1145 3858 huc
1159 3808 1293 3860 sententia
1309 3824 1366 3859 cum
1375 3820 1409 3857 sn·

347 3887 439 3939 -De
452 3885 556 3956 Cyprio
569 3903 636 3950 aare,
652 3885 758 3939 cadmia
770 3886 860 3939 nativa
904 3886 1018 3958 periore.
1033 3888 1066 3939 ln
1082 3886 1158 3939 libris
1175 3886 1309 3941 haetenus
1322 3882 1407 3939 editis:

347 3968 389 4020 rel
403 3965 517 4025 factitia,
535 3963 570 4017 cl.
585 3964 648 4019 Exc.
659 3966 689 4019 tt
708 3965 743 4018 ad
759 3966 859 4019 calcem
904 3966 1016 4039 Namque
1031 3969 1080 4037 ipse
1095 3965 1172 4037 lapr's.
1182 4005 1188 4017 .
1198 3968 1268 4020 .Hr's
1283 3982 1362 4018 mrsus
1374 3982 1407 4013 es·

346 4044 425 4116 hujus
437 4043 510 4097 libri.
524 4044 578 4096 En.
905 4050 990 4099 sistit:
1007 4046 1106 4101 insulse
1129 4064 1242 4116 prorsus
1259 4065 1266 4099 ι
1283 4064 1343 4099 nans
1363 4058 1408 4114 qua
