2950 5000
327 500 392 551 too
595 483 634 548 C.
662 474 824 549 PLlNll
850 479 957 549 ΝΑΤ.
985 476 1110 549 lilST.

287 653 300 683 ι
321 614 442 699 modis,
464 610 552 680 unde
564 611 673 705 praeda
689 612 863 681 societati⁷.
884 612 1038 706 Namque
1050 627 1099 682 est
1108 600 1268 683 alterum¹
1284 638 1375 710 genus

323 725 356 789 in
374 718 528 789 omnibus
547 718 616 786 fere
632 719 841 812 argentariis,
863 719 1009 813 itemque
1028 718 1220 814 plumbariis
1232 720 1375 803 metallis,

271 846 276 855 '
320 825 410 921 quod
432 823 470 893 lit
481 839 597 894 exusto
618 823 727 918 lapide
749 826 841 893 venis
857 826 1040 918 permixto,
1056 850 1123 893 non
1143 851 1153 874 ¹
1172 852 1183 894 ι
1202 824 1277 913 ιἸΙο,
1294 828 1377 920 eujus

232 998 236 1002 ,
321 928 506 1001 vomicam⁹
524 945 698 1024 argentum
716 932 829 998 vivum
846 925 1111 1025 appellavimus(
1125 932 1152 999 is
1169 935 1257 1001 enim
1271 935 1377 1026 etipse

319 1041 354 1106 in
388 1051 563 1167 argentum
585 1028 836 1130 excoquitur):
865 1037 923 1105 sed
949 1063 990 1105 ex
1022 1037 1093 1105 aliis
1120 1038 1217 1106 simul
1239 1040 1374 1134 repertis.
1431 1094 1436 1109 .

319 1140 488 1213 Steriles¹⁰
501 1144 601 1212 etiam
626 1141 754 1236 plumbi
776 1141 1072 1236 deprehenduntur
1090 1168 1152 1211 suo
1170 1142 1302 1231 colore,
1325 1168 1377 1213 nec

319 1252 380 1319 nisi
410 1251 443 1316 in
475 1248 666 1318 fornacibus
698 1248 910 1318 rubescentes
933 1251 1123 1378 exustique
1133 1198 1355 1319 tundunttir
1349 1274 1376 1318 tn

319 1356 468 1424 farinam.
480 1358 523 1423 Et
535 1353 602 1423 ltoc
613 1367 664 1423 est
677 1346 941 1423 secundarium
955 1356 1092 1423 minium
1103 1350 1262 1449 perquam
1296 1357 1378 1425 aucis

285 1476 456 1547 enatum,
471 1459 613 1528 multum
628 1458 714 1528 infra
734 1458 933 1528 naturales¹²
955 1460 1025 1530 illas
1039 1482 1165 1529 arenas
1183 1460 1277 1531 Hoc¹
1308 1486 1378 1556 ergo

318 1566 526 1637 adulteratur
546 1566 686 1634 minium
703 1566 739 1633 in
757 1563 900 1634 officinis
918 1554 1119 1635 sociorum¹¹
1132 1568 1241 1635 :item
1260 1570 1378 1662 Syrico

275 1706 279 1713 ·
320 1676 478 1764 Quonam
499 1671 599 1741 modo
610 1673 760 1765 Syricum
777 1670 855 1758 liat,
874 1696 935 1741 suo
954 1658 1060 1741 loco¹¹
1083 1672 1243 1742 dicemus.
1261 1672 1380 1743 Sublini

318 1793 429 1849 autem
448 1779 562 1872 Syrico
576 1778 716 1846 minium
730 1778 919 1871 compendii
937 1780 1021 1847 ratio
1035 1777 1251 1847 demonstrat.
1269 1782 1312 1848 Et
1323 1778 1381 1849 alio

319 1886 420 1954 modo
435 1885 643 1979 pingentium
656 1882 747 1952 furto
758 1882 1004 1977 opportunum
1006 1869 1099 1967 ⁶est,
1118 1862 1235 1978 plenos
1250 1884 1381 1954 subinde

318 2048 358 2099 Χ
367 2046 421 2099 LX
431 2045 621 2116 conjiciebant,
632 2044 684 2097 laoc
695 2056 743 2109 est,
755 2042 834 2097 dena-
922 2043 1072 2099 rosanus
1074 2044 1382 2116 lapidesinplumbariia

320 2128 375 2181 rios
395 2144 439 2179 sa.
467 2127 503 2177 Αι
531 2123 712 2177 sestertiorum
741 2136 833 2178 notam
879 2124 1011 2177 metallis:
1026 2124 1073 2196 qui
1086 2142 1121 2177 ne
1133 2125 1162 2177 in
1175 2126 1317 2195 plumbum
1330 2126 1383 2197 qui·

320 2207 420 2259 babent
431 2203 724 2257 molestissimo.
876 2201 937 2256 dem
952 2204 1065 2275 excoqui
1076 2205 1301 2274 possuntllsan.
1332 2254 1336 2261 .

361 2304 388 2354 7.
409 2283 479 2337 Unde
490 2284 578 2353 proeda
598 2285 713 2336 societati.
730 2282 833 2335 Botion
921 2301 964 2337 rr.
980 2282 1016 2335 m
1035 2284 1079 2334 ltoc
1098 2294 1134 2335 est
1145 2284 1318 2337 emendarimus.
1335 2284 1383 2337 No·

321 2364 438 2436 populos
461 2362 571 2416 nomine
594 2361 722 2434 peculiari
751 2358 835 2413 Socios
876 2362 936 2416 stris
947 2362 1060 2435 perinde
1073 2362 1249 2433 incognitum.
1259 2362 1384 2417 Ham-

321 2446 354 2496 P.
370 2444 403 2496 tt.
416 2454 501 2495 vocnt.
517 2440 585 2495 Inde
598 2460 685 2512 garum
700 2443 834 2507 sociorum,
878 2444 989 2495 Alterum
1002 2460 1087 2514 genas.
1104 2442 1228 2497 Alterum
1248 2444 1299 2495 boc
1314 2442 1384 2495 minii

322 2521 397 2596 quod
411 2522 492 2575 fiebat
509 2521 542 2575 ad
559 2521 755 2576 Scombrariam
775 2538 836 2591 pro-
877 2541 975 2593 genus,
996 2541 1093 2576 nornen
1115 2520 1188 2593 apud
1213 2541 1263 2576 nos
1284 2537 1384 2585 serrat,

323 2602 488 2656 montorium
501 2601 614 2653 Baetica.
628 2600 786 2654 Societatem
801 2612 836 2652 ta·
879 2602 982 2654 Minium
1000 2601 1070 2669 nentis
1082 2599 1187 2660 (Plomb
1201 2603 1276 2654 osids'
1286 2605 1384 2674 ηιμ),-

323 2701 401 2746 men,
415 2679 622 2752 publicanorum
638 2693 735 2733 emtum
755 2697 836 2749 expo·
878 2679 1063 2734 secundarium
1086 2691 1162 2734 vocat
1187 2679 1296 2744 Noster,
1316 2679 1394 2753 qaod,

323 2760 506 2822 neresatium
516 2757 733 2831 quibusminium
742 2760 835 2812 nosne
879 2754 998 2814 deterius
1006 2773 1045 2812 est
1056 2761 1194 2813 cinnabari
1202 2778 1233 2814 ac
1241 2761 1325 2816 vilius.
1337 2763 1386 2815 En.

322 2853 443 2896 curatum
453 2839 594 2892 Vitruvius
604 2837 706 2892 scribit.
717 2839 836 2890 Dsr..-
924 2858 967 2894 ιι.
981 2839 1086 2893 Multam
1105 2841 1170 2906 r'nsra
1187 2841 1315 2894 mimula.
1335 2841 1387 2896 cil·

324 2921 449 2975 δοσιὶιιιιί.
465 2918 568 2989 Nempe
584 2917 706 2972 societati
718 2917 837 2989 publica·
880 2917 953 2972 birni
964 2937 1042 2989 supra
1058 2918 1193 2989 Ephesum
1209 2921 1281 2990 agri,
1293 2935 1338 2976 aut
1352 2920 1388 2975 si-

324 3019 421 3054 nomm
445 2997 481 3051 de
501 2999 600 3069 quibus
614 2996 757 3050 Vitruvius
776 2995 837 3049 loco
880 2998 1071 3069 asponensium
1083 2998 1185 3052 Betica.
1200 2999 1292 3054 Hann.

325 3079 510 3141 aeternitate,
526 3097 612 3148 corps,
625 3081 780 3146 compegisse,
794 3074 836 3128 rel
924 3079 968 3130 13.
979 3077 1042 3130 Hoc.
1058 3075 1224 3132 secundario
1235 3079 1326 3134 minio.
1341 3079 1375 3132 H.

325 3162 496 3214 communem
506 3157 656 3228 ringantur,
663 3157 711 3226 qui
719 3153 754 3208 de
761 3153 838 3208 sociis
924 3164 968 3222 ιι.
987 3157 1017 3208 ln
1036 3155 1140 3226 officiaris
1155 3162 1280 3212 sociam.
1300 3159 1387 3212 Publi·

325 3239 423 3310 popnli
441 3237 559 3298 romani,
576 3235 629 3289 boe
643 3247 699 3300 est,
717 3233 837 3299 Baeticis,
881 3253 1008 3290 canorum
1022 3257 1028 3287 :
1041 3253 1102 3288 nam
1116 3247 1145 3288 nt
1155 3237 1279 3308 superius
1289 3237 1388 3292 dictum

326 3317 537 3388 brecaccipiunt.
551 3314 642 3369 liano.
714 3358 717 3362 .
881 3327 933 3376 est,
946 3327 1022 3368 erant
1033 3314 1149 3369 officina
1165 3334 1202 3370 ets
1220 3319 1326 3372 Roma:
1341 3333 1388 3371 nee

273 3436 278 3444 .
366 3399 394 3450 8.
408 3398 519 3467 Namque
527 3407 564 3446 est
575 3394 676 3447 altanus
686 3412 771 3464 genus.
784 3391 838 3446 Mt·
880 3395 977 3448 licebat
989 3393 1018 3446 id
1036 3395 1064 3448 in
1082 3395 1177 3450 Betim
1193 3395 1389 3467 pontissarensi

326 3479 365 3530 nii
380 3476 519 3529 nimirum.
535 3473 651 3528 Minium
664 3471 733 3526 illud
746 3472 837 3528 Diosc.
880 3473 1002 3546 excoqui.
1015 3475 1105 3528 Hann.

327 3556 428 3622 est,V,
451 3572 503 3623 1⁰9
523 3571 530 3605 ι
551 3554 585 3605 Τὸ
609 3553 654 3622 μιν
673 3552 720 3623 γὰρ
745 3553 836 3624 ἅμμιοι
925 3553 1390 3620 15.Suotoeo.Lib.xttXV‚ss.fl.

326 3637 472 3696 σιιυιίζιιαι
486 3635 511 3686 ls
527 3624 635 3702 lenatia
652 3634 680 3685 la
696 3633 761 3686 >titos
774 3633 837 3692 attia
925 3637 970 3688 ι6.
984 3633 1136 3704 pingentium
1143 3634 1216 3701 surio
1226 3648 1389 3707 opportunum·

327 3716 477 3786 μεμιγμένου
492 3718 523 3782 τῇ
537 3707 836 3783 ἀργυρίτιδιψιὶμμωΗ.
882 3713 1086 3775 intercalares,
1105 3733 1178 3784 quos,
1192 3715 1289 3786 pictori
1308 3713 1391 3768 domi·

368 3814 394 3861 9.
421 3794 497 3862 cujus
520 3795 654 3856 uomicam,
677 3803 727 3844 etc.
752 3789 838 3881 Supra
881 3809 932 3844 nus
948 3793 1103 3884 praestabat,
1116 3807 1146 3848 ιιι
1159 3791 1264 3848 dteetur
1276 3793 1388 3856 XXXV

327 3891 385 3944 cap
403 3869 838 3942 32:1tstertapn1nhnvenn
886 3890 929 3935 ιι,
943 3889 1056 3924 mmmm
1069 3873 1118 3925 lun
1127 3892 1275 3950 quomam
1289 3873 1390 3944 tdper

326 3951 495 4022 argentariis,
512 3952 590 4022 cujas
610 3967 715 4003 vomica
727 3947 839 4020 liquoris
881 3967 972 4002 rarum
992 3963 1055 4004 erat.
1074 3951 1219 4006 Pictores'
1211 3967 1300 4026 itaque
1318 3969 1389 4023 sepe

323 4029 655 4101 eternrargentumrsvum
663 4028 839 4098 appellantur
882 4030 1118 4084 exeolurabentur
1120 4033 1244 4104 repletis
1252 4030 1393 4104 pentesilea,

326 4128 461 4166 venenum
474 4127 563 4163 mrum
577 4109 731 4162 omnium·
746 4107 837 4162 Hann.
882 4126 943 4162 mox
957 4127 1024 4180 aqua
1037 4111 1388 4180 ablutis‚velutialiouten-
