<?xml version="1.0" encoding="UTF-8"?>
<!DOCTYPE html PUBLIC "-//W3C//DTD XHTML 1.0 Transitional//EN"
    "http://www.w3.org/TR/xhtml1/DTD/xhtml1-transitional.dtd">
<html xmlns="http://www.w3.org/1999/xhtml" xml:lang="en" lang="en">
 <head>
  <title>
</title>
<meta http-equiv="Content-Type" content="text/html;charset=utf-8" />
  <meta name='ocr-system' content='tesseract 3.04.00' />
  <meta name='ocr-capabilities' content='ocr_page ocr_carea ocr_par ocr_line ocrx_word'/>
</head>
<body>
  <div class='ocr_page' id='page_1' title='image "./caiipliniisecun01plingoog_0633.png"; bbox 0 0 2950 5000; ppageno 0'>
   <div class='ocr_carea' id='block_1_1' title="bbox 321 382 1115 503">
    <p class='ocr_par' dir='ltr' id='par_1_1' title="bbox 321 382 1115 503">
     <span class='ocr_line' id='line_1_1' title="bbox 321 382 1115 503; baseline 0.003 -6"><span class='ocrx_word' id='word_1_1' title='bbox 321 426 394 497; x_wconf 63' lang='lat' dir='ltr'><strong>ara</strong></span> <span class='ocrx_word' id='word_1_2' title='bbox 588 432 628 499; x_wconf 88' lang='lat' dir='ltr'><strong>c.</strong></span> <span class='ocrx_word' id='word_1_3' title='bbox 654 432 821 503; x_wconf 73' lang='lat' dir='ltr'><strong>mauu</strong></span> <span class='ocrx_word' id='word_1_4' title='bbox 846 435 958 503; x_wconf 77' lang='lat' dir='ltr'><strong>aar.</strong></span> <span class='ocrx_word' id='word_1_5' title='bbox 979 382 1115 500; x_wconf 80' lang='lat' dir='ltr'><strong>arsa.</strong></span> 
     </span>
    </p>
   </div>
   <div class='ocr_carea' id='block_1_2' title="bbox 288 558 1374 2035">
    <p class='ocr_par' dir='ltr' id='par_1_2' title="bbox 320 558 1368 973">
     <span class='ocr_line' id='line_1_2' title="bbox 322 558 1368 661; baseline -0.001 -31"><span class='ocrx_word' id='word_1_6' title='bbox 322 575 421 654; x_wconf 84' lang='lat' dir='ltr'><strong>atque</strong></span> <span class='ocrx_word' id='word_1_7' title='bbox 432 558 576 647; x_wconf 84' lang='lat' dir='ltr'><strong>luxuria,</strong></span> <span class='ocrx_word' id='word_1_8' title='bbox 589 579 727 659; x_wconf 89' lang='lat' dir='ltr'><strong>propter</strong></span> <span class='ocrx_word' id='word_1_9' title='bbox 742 590 908 661; x_wconf 86' lang='lat' dir='ltr'><strong>gemmam</strong></span> <span class='ocrx_word' id='word_1_10' title='bbox 923 565 1181 661; x_wconf 78' lang='lat' dir='ltr'><strong>proscribentis:</strong></span> <span class='ocrx_word' id='word_1_11' title='bbox 1202 588 1259 632; x_wconf 91' lang='lat' dir='ltr'><strong>nec</strong></span> <span class='ocrx_word' id='word_1_12' title='bbox 1274 566 1368 631; x_wconf 83' lang='lat' dir='ltr'><strong>nriaur</strong></span> 
     </span>
     <span class='ocr_line' id='line_1_3' title="bbox 322 668 1366 801; baseline 0 -68"><span class='ocrx_word' id='word_1_13' title='bbox 322 668 420 734; x_wconf 91' lang='lat' dir='ltr'><strong>Nonii</strong></span> <span class='ocrx_word' id='word_1_14' title='bbox 440 672 669 755; x_wconf 79' lang='lat' dir='ltr'><strong>contumacia,</strong></span> <span class='ocrx_word' id='word_1_15' title='bbox 692 674 969 801; x_wconf 79' lang='lat' dir='ltr'><strong>proscriptionem</strong></span> <span class='ocrx_word' id='word_1_16' title='bbox 995 696 1090 741; x_wconf 89' lang='lat' dir='ltr'><strong>suam</strong></span> <span class='ocrx_word' id='word_1_17' title='bbox 1111 672 1260 753; x_wconf 85' lang='lat' dir='ltr'><strong>amantis,</strong></span> <span class='ocrx_word' id='word_1_18' title='bbox 1278 694 1366 763; x_wconf 90' lang='lat' dir='ltr'><strong>quam</strong></span> 
     </span>
     <span class='ocr_line' id='line_1_4' title="bbox 320 774 1368 874; baseline 0.001 -35"><span class='ocrx_word' id='word_1_19' title='bbox 320 774 419 841; x_wconf 86' lang='lat' dir='ltr'><strong>etiam</strong></span> <span class='ocrx_word' id='word_1_20' title='bbox 441 774 519 842; x_wconf 74' lang='lat' dir='ltr'><strong>ferte</strong></span> <span class='ocrx_word' id='word_1_21' title='bbox 544 775 696 845; x_wconf 83' lang='lat' dir='ltr'><strong>abrosas&#39;</strong></span> <span class='ocrx_word' id='word_1_22' title='bbox 730 794 842 872; x_wconf 85' lang='lat' dir='ltr'><strong>partes</strong></span> <span class='ocrx_word' id='word_1_23' title='bbox 853 780 1002 874; x_wconf 82' lang='lat' dir='ltr'><strong>corporis</strong></span> <span class='ocrx_word' id='word_1_24' title='bbox 1020 776 1229 871; x_wconf 80' lang='lat' dir='ltr'><strong>relinquant,</strong></span> <span class='ocrx_word' id='word_1_25' title='bbox 1250 788 1368 867; x_wconf 83' lang='lat' dir='ltr'><strong>propter</strong></span> 
     </span>
     <span class='ocr_line' id='line_1_5' title="bbox 320 878 1298 973; baseline 0.007 -28"><span class='ocrx_word' id='word_1_26' title='bbox 320 902 403 971; x_wconf 86' lang='lat' dir='ltr'><strong>quas</strong></span> <span class='ocrx_word' id='word_1_27' title='bbox 425 904 460 947; x_wconf 84' lang='lat' dir='ltr'><strong>se</strong></span> <span class='ocrx_word' id='word_1_28' title='bbox 478 879 656 973; x_wconf 85' lang='lat' dir='ltr'><strong>periclitari</strong></span> <span class='ocrx_word' id='word_1_29' title='bbox 674 886 789 953; x_wconf 88' lang='lat' dir='ltr'><strong>sciant.</strong></span> <span class='ocrx_word' id='word_1_30' title='bbox 1294 878 1298 886; x_wconf 74' lang='grc'><strong>’</strong></span> 
     </span>
    </p>

    <p class='ocr_par' dir='ltr' id='par_1_3' title="bbox 289 988 1374 1825">
     <span class='ocr_line' id='line_1_6' title="bbox 289 988 1369 1081; baseline 0.001 -29"><span class='ocrx_word' id='word_1_31' title='bbox 289 1019 300 1053; x_wconf 85' lang='grc' dir='ltr'><strong>ι</strong></span> <span class='ocrx_word' id='word_1_32' title='bbox 377 988 487 1052; x_wconf 84' lang='lat' dir='ltr'><strong>xxtt.</strong></span> <span class='ocrx_word' id='word_1_33' title='bbox 510 989 599 1055; x_wconf 88' lang='lat' dir='ltr'><strong>Vitia</strong></span> <span class='ocrx_word' id='word_1_34' title='bbox 621 988 726 1081; x_wconf 88' lang='lat' dir='ltr'><strong>opali,</strong></span> <span class='ocrx_word' id='word_1_35' title='bbox 745 991 771 1058; x_wconf 91' lang='lat' dir='ltr'><strong>si</strong></span> <span class='ocrx_word' id='word_1_36' title='bbox 790 988 883 1059; x_wconf 91' lang='lat' dir='ltr'><strong>color</strong></span> <span class='ocrx_word' id='word_1_37' title='bbox 901 991 933 1057; x_wconf 90' lang='lat' dir='ltr'><strong>in</strong></span> <span class='ocrx_word' id='word_1_38' title='bbox 955 990 1069 1058; x_wconf 85' lang='lat' dir='ltr'><strong>florem</strong></span> <span class='ocrx_word' id='word_1_39' title='bbox 1089 988 1219 1073; x_wconf 78' lang='lat' dir='ltr'><strong>herba,</strong></span> <span class='ocrx_word' id='word_1_40' title='bbox 1240 1010 1308 1080; x_wconf 85' lang='lat' dir='ltr'><strong>quae</strong></span> <span class='ocrx_word' id='word_1_41' title='bbox 1324 1010 1369 1051; x_wconf 81' lang='lat' dir='ltr'><strong>vo</strong></span> 
     </span>
     <span class='ocr_line' id='line_1_7' title="bbox 321 1089 1368 1189; baseline -0.004 -28"><span class='ocrx_word' id='word_1_42' title='bbox 321 1105 417 1161; x_wconf 85' lang='lat' dir='ltr'><strong>catur</strong></span> <span class='ocrx_word' id='word_1_43' title='bbox 442 1089 697 1187; x_wconf 83' lang='lat' dir='ltr'><strong>heliotropium,</strong></span> <span class='ocrx_word' id='word_1_44' title='bbox 717 1110 829 1180; x_wconf 87' lang='lat' dir='ltr'><strong>exeat,</strong></span> <span class='ocrx_word' id='word_1_45' title='bbox 856 1110 914 1164; x_wconf 85' lang='lat' dir='ltr'><strong>aut</strong></span> <span class='ocrx_word' id='word_1_46' title='bbox 933 1094 1147 1189; x_wconf 80' lang='lat' dir='ltr'><strong>crystallum,</strong></span> <span class='ocrx_word' id='word_1_47' title='bbox 1173 1108 1231 1161; x_wconf 86' lang='lat' dir='ltr'><strong>aut</strong></span> <span class='ocrx_word' id='word_1_48' title='bbox 1252 1089 1368 1185; x_wconf 86' lang='lat' dir='ltr'><strong>grandi·</strong></span> 
     </span>
     <span class='ocr_line' id='line_1_8' title="bbox 320 1194 1372 1293; baseline -0.002 -29"><span class='ocrx_word' id='word_1_49' title='bbox 320 1222 418 1265; x_wconf 90' lang='lat' dir='ltr'><strong>aem:</strong></span> <span class='ocrx_word' id='word_1_50' title='bbox 435 1198 460 1265; x_wconf 85' lang='lat' dir='ltr'><strong>si</strong></span> <span class='ocrx_word' id='word_1_51' title='bbox 481 1196 528 1265; x_wconf 90' lang='lat' dir='ltr'><strong>sal</strong></span> <span class='ocrx_word' id='word_1_52' title='bbox 548 1200 778 1285; x_wconf 48' lang='lat' dir='ltr'><strong>interveniam</strong></span> <span class='ocrx_word' id='word_1_53' title='bbox 800 1216 859 1269; x_wconf 87' lang='lat' dir='ltr'><strong>aut</strong></span> <span class='ocrx_word' id='word_1_54' title='bbox 877 1202 1045 1280; x_wconf 84' lang='lat' dir='ltr'><strong>scabritia,</strong></span> <span class='ocrx_word' id='word_1_55' title='bbox 1064 1216 1123 1269; x_wconf 91' lang='lat' dir='ltr'><strong>aut</strong></span> <span class='ocrx_word' id='word_1_56' title='bbox 1145 1214 1264 1293; x_wconf 88' lang='lat' dir='ltr'><strong>puncta</strong></span> <span class='ocrx_word' id='word_1_57' title='bbox 1280 1194 1372 1264; x_wconf 83' lang='lat' dir='ltr'><strong>oculis</strong></span> 
     </span>
     <span class='ocr_line' id='line_1_9' title="bbox 320 1303 1371 1401; baseline -0.005 -29"><span class='ocrx_word' id='word_1_58' title='bbox 320 1306 529 1373; x_wconf 80' lang='lat' dir='ltr'><strong>occursantia</strong></span> <span class='ocrx_word' id='word_1_59' title='bbox 540 1329 547 1370; x_wconf 92' lang='lat'><strong>:</strong></span> <span class='ocrx_word' id='word_1_60' title='bbox 558 1304 732 1399; x_wconf 82' lang='lat' dir='ltr'><strong>nullosque</strong></span> <span class='ocrx_word' id='word_1_61' title='bbox 747 1308 852 1401; x_wconf 86' lang='lat' dir='ltr'><strong>magis</strong></span> <span class='ocrx_word' id='word_1_62' title='bbox 866 1303 1199 1376; x_wconf 78' lang='lat' dir='ltr'><strong>indissimilitudiue²</strong></span> <span class='ocrx_word' id='word_1_63' title='bbox 1214 1304 1371 1373; x_wconf 86' lang='lat' dir='ltr'><strong>indiscreta</strong></span> 
     </span>
     <span class='ocr_line' id='line_1_10' title="bbox 320 1396 1374 1506; baseline -0.003 -30"><span class='ocrx_word' id='word_1_64' title='bbox 320 1408 408 1477; x_wconf 86' lang='lat' dir='ltr'><strong>vitro</strong></span> <span class='ocrx_word' id='word_1_65' title='bbox 432 1396 624 1480; x_wconf 82' lang='lat' dir='ltr'><strong>adulterat³.</strong></span> <span class='ocrx_word' id='word_1_66' title='bbox 660 1414 935 1506; x_wconf 84' lang='lat' dir='ltr'><strong>Experimentum</strong></span> <span class='ocrx_word' id='word_1_67' title='bbox 961 1414 995 1482; x_wconf 89' lang='lat' dir='ltr'><strong>ia</strong></span> <span class='ocrx_word' id='word_1_68' title='bbox 1023 1412 1093 1483; x_wconf 89' lang='lat' dir='ltr'><strong>sole</strong></span> <span class='ocrx_word' id='word_1_69' title='bbox 1124 1426 1261 1479; x_wconf 86' lang='lat' dir='ltr'><strong>tantum.</strong></span> <span class='ocrx_word' id='word_1_70' title='bbox 1285 1407 1374 1476; x_wconf 85' lang='lat' dir='ltr'><strong>Falsis</strong></span> 
     </span>
     <span class='ocr_line' id='line_1_11' title="bbox 320 1508 1374 1614; baseline -0.004 -33"><span class='ocrx_word' id='word_1_71' title='bbox 320 1516 410 1595; x_wconf 82' lang='lat' dir='ltr'><strong>enirn</strong></span> <span class='ocrx_word' id='word_1_72' title='bbox 432 1530 551 1583; x_wconf 87' lang='lat' dir='ltr'><strong>contra</strong></span> <span class='ocrx_word' id='word_1_73' title='bbox 570 1515 678 1586; x_wconf 87' lang='lat' dir='ltr'><strong>radios</strong></span> <span class='ocrx_word' id='word_1_74' title='bbox 695 1517 822 1586; x_wconf 88' lang='lat' dir='ltr'><strong>libratis</strong></span> <span class='ocrx_word' id='word_1_75' title='bbox 831 1508 855 1602; x_wconf 73' lang='lat'><strong>⁴,</strong></span> <span class='ocrx_word' id='word_1_76' title='bbox 873 1520 975 1614; x_wconf 83' lang='lat' dir='ltr'><strong>digito</strong></span> <span class='ocrx_word' id='word_1_77' title='bbox 994 1542 1033 1587; x_wconf 91' lang='lat' dir='ltr'><strong>ac</strong></span> <span class='ocrx_word' id='word_1_78' title='bbox 1101 1516 1174 1585; x_wconf 87' lang='lat' dir='ltr'><strong>llice</strong></span> <span class='ocrx_word' id='word_1_79' title='bbox 1191 1540 1273 1584; x_wconf 88' lang='lat' dir='ltr'><strong>unus</strong></span> <span class='ocrx_word' id='word_1_80' title='bbox 1290 1528 1374 1605; x_wconf 87' lang='lat' dir='ltr'><strong>atque</strong></span> 
     </span>
     <span class='ocr_line' id='line_1_12' title="bbox 320 1604 1371 1719; baseline -0.003 -31"><span class='ocrx_word' id='word_1_81' title='bbox 320 1620 408 1688; x_wconf 86' lang='lat' dir='ltr'><strong>idem</strong></span> <span class='ocrx_word' id='word_1_82' title='bbox 427 1619 615 1690; x_wconf 80' lang='lat' dir='ltr'><strong>translucet</strong></span> <span class='ocrx_word' id='word_1_83' title='bbox 622 1622 713 1692; x_wconf 86' lang='lat' dir='ltr'><strong>colos</strong></span> <span class='ocrx_word' id='word_1_84' title='bbox 726 1625 760 1692; x_wconf 91' lang='lat' dir='ltr'><strong>in</strong></span> <span class='ocrx_word' id='word_1_85' title='bbox 776 1648 810 1693; x_wconf 93' lang='lat' dir='ltr'><strong>se</strong></span> <span class='ocrx_word' id='word_1_86' title='bbox 825 1640 1042 1719; x_wconf 89' lang='lat' dir='ltr'><strong>consumptus</strong></span> <span class='ocrx_word' id='word_1_87' title='bbox 1063 1676 1070 1691; x_wconf 92' lang='lat'><em>.</em></span> <span class='ocrx_word' id='word_1_88' title='bbox 1089 1624 1169 1691; x_wconf 84' lang='lat' dir='ltr'><strong>Veri</strong></span> <span class='ocrx_word' id='word_1_89' title='bbox 1185 1604 1301 1716; x_wconf 61' lang='lat' dir='ltr'><strong>fulgo?</strong></span> <span class='ocrx_word' id='word_1_90' title='bbox 1311 1618 1371 1687; x_wconf 69' lang='lat' dir='ltr'><strong>suli</strong></span> 
     </span>
     <span class='ocr_line' id='line_1_13' title="bbox 320 1725 1372 1825; baseline -0.003 -32"><span class='ocrx_word' id='word_1_91' title='bbox 320 1725 398 1794; x_wconf 88' lang='lat' dir='ltr'><strong>inde</strong></span> <span class='ocrx_word' id='word_1_92' title='bbox 417 1727 542 1808; x_wconf 86' lang='lat' dir='ltr'><strong>variat,</strong></span> <span class='ocrx_word' id='word_1_93' title='bbox 557 1743 590 1797; x_wconf 92' lang='lat' dir='ltr'><strong>et</strong></span> <span class='ocrx_word' id='word_1_94' title='bbox 604 1728 679 1822; x_wconf 91' lang='lat' dir='ltr'><strong>plus</strong></span> <span class='ocrx_word' id='word_1_95' title='bbox 687 1728 759 1798; x_wconf 89' lang='lat' dir='ltr'><strong>huc</strong></span> <span class='ocrx_word' id='word_1_96' title='bbox 773 1728 916 1824; x_wconf 88' lang='lat' dir='ltr'><strong>illucque</strong></span> <span class='ocrx_word' id='word_1_97' title='bbox 933 1732 1075 1825; x_wconf 81' lang='lat' dir='ltr'><strong>spargit,</strong></span> <span class='ocrx_word' id='word_1_98' title='bbox 1090 1745 1123 1799; x_wconf 89' lang='lat' dir='ltr'><strong>et</strong></span> <span class='ocrx_word' id='word_1_99' title='bbox 1139 1726 1250 1821; x_wconf 80' lang='lat' dir='ltr'><strong>fulgor</strong></span> <span class='ocrx_word' id='word_1_100' title='bbox 1262 1726 1335 1795; x_wconf 86' lang='lat' dir='ltr'><strong>lucis</strong></span> <span class='ocrx_word' id='word_1_101' title='bbox 1345 1726 1372 1790; x_wconf 93' lang='lat' dir='ltr'><strong>in</strong></span> 
     </span>
    </p>

    <p class='ocr_par' dir='ltr' id='par_1_4' title="bbox 288 1831 1373 2035">
     <span class='ocr_line' id='line_1_14' title="bbox 288 1831 1373 1931; baseline 0.001 -36"><span class='ocrx_word' id='word_1_102' title='bbox 288 1862 302 1895; x_wconf 71' lang='grc' dir='ltr'><strong>ι</strong></span> <span class='ocrx_word' id='word_1_103' title='bbox 321 1831 442 1925; x_wconf 86' lang='lat' dir='ltr'><strong>digitos</strong></span> <span class='ocrx_word' id='word_1_104' title='bbox 456 1832 616 1901; x_wconf 83' lang='lat' dir='ltr'><strong>funditur.</strong></span> <span class='ocrx_word' id='word_1_105' title='bbox 635 1839 731 1903; x_wconf 90' lang='lat' dir='ltr'><strong>Hanc</strong></span> <span class='ocrx_word' id='word_1_106' title='bbox 743 1860 907 1929; x_wconf 87' lang='lat' dir='ltr'><strong>gemmam</strong></span> <span class='ocrx_word' id='word_1_107' title='bbox 925 1850 1063 1931; x_wconf 88' lang='lat' dir='ltr'><strong>propter</strong></span> <span class='ocrx_word' id='word_1_108' title='bbox 1081 1836 1235 1904; x_wconf 85' lang='lat' dir='ltr'><strong>eximiam</strong></span> <span class='ocrx_word' id='word_1_109' title='bbox 1253 1834 1373 1927; x_wconf 81' lang='lat' dir='ltr'><strong>gratiam</strong></span> 
     </span>
     <span class='ocr_line' id='line_1_15' title="bbox 321 1937 1372 2035; baseline -0.002 -30"><span class='ocrx_word' id='word_1_110' title='bbox 321 1937 470 2033; x_wconf 86' lang='lat' dir='ltr'><strong>plerique</strong></span> <span class='ocrx_word' id='word_1_111' title='bbox 486 1938 697 2033; x_wconf 86' lang='lat' dir='ltr'><strong>appellavere</strong></span> <span class='ocrx_word' id='word_1_112' title='bbox 714 1941 909 2035; x_wconf 73' lang='lat' dir='ltr'><strong>paederota’.</strong></span> <span class='ocrx_word' id='word_1_113' title='bbox 931 1944 1016 2011; x_wconf 91' lang='lat' dir='ltr'><strong>Sunt</strong></span> <span class='ocrx_word' id='word_1_114' title='bbox 1034 1958 1069 2010; x_wconf 89' lang='lat' dir='ltr'><strong>et</strong></span> <span class='ocrx_word' id='word_1_115' title='bbox 1086 1942 1143 2035; x_wconf 92' lang='lat' dir='ltr'><strong>qui</strong></span> <span class='ocrx_word' id='word_1_116' title='bbox 1159 1942 1316 2035; x_wconf 86' lang='lat' dir='ltr'><strong>privatum</strong></span> <span class='ocrx_word' id='word_1_117' title='bbox 1330 1960 1372 2030; x_wconf 79' lang='lat' dir='ltr'><strong>go</strong></span> 
     </span>
    </p>
   </div>
   <div class='ocr_carea' id='block_1_3' title="bbox 264 2082 1375 4142">
    <p class='ocr_par' dir='ltr' id='par_1_5' title="bbox 264 2082 1375 4142">
     <span class='ocr_line' id='line_1_16' title="bbox 319 2082 1372 2158; baseline -0.001 -23"><span class='ocrx_word' id='word_1_118' title='bbox 319 2083 398 2136; x_wconf 80' lang='lat' dir='ltr'><strong>MSS.</strong></span> <span class='ocrx_word' id='word_1_119' title='bbox 408 2086 481 2155; x_wconf 74' lang='lat' dir='ltr'><strong>tleg.</strong></span> <span class='ocrx_word' id='word_1_120' title='bbox 499 2086 615 2150; x_wconf 54' lang='lat' dir='ltr'><strong>scota.</strong></span> <span class='ocrx_word' id='word_1_121' title='bbox 631 2087 659 2150; x_wconf 84' lang='lat'><strong>3,</strong></span> <span class='ocrx_word' id='word_1_122' title='bbox 672 2088 835 2158; x_wconf 78' lang='lat' dir='ltr'><strong>ceterisque.</strong></span> <span class='ocrx_word' id='word_1_123' title='bbox 879 2106 939 2141; x_wconf 88' lang='lat' dir='ltr'><strong>rum</strong></span> <span class='ocrx_word' id='word_1_124' title='bbox 960 2089 1138 2141; x_wconf 76' lang='lat' dir='ltr'><strong>mixturarum</strong></span> <span class='ocrx_word' id='word_1_125' title='bbox 1159 2105 1211 2139; x_wconf 84' lang='lat' dir='ltr'><strong>urs.</strong></span> <span class='ocrx_word' id='word_1_126' title='bbox 1231 2084 1263 2139; x_wconf 89' lang='lat' dir='ltr'><strong>ld</strong></span> <span class='ocrx_word' id='word_1_127' title='bbox 1282 2082 1372 2156; x_wconf 84' lang='lat' dir='ltr'><strong>quiden</strong></span> 
     </span>
     <span class='ocr_line' id='line_1_17' title="bbox 324 2161 1373 2237; baseline 0 -22"><span class='ocrx_word' id='word_1_128' title='bbox 324 2161 442 2233; x_wconf 74' lang='lat' dir='ltr'><strong>uiginti</strong></span> <span class='ocrx_word' id='word_1_129' title='bbox 463 2165 537 2217; x_wconf 82' lang='lat' dir='ltr'><strong>mille</strong></span> <span class='ocrx_word' id='word_1_130' title='bbox 558 2184 717 2231; x_wconf 80' lang='lat' dir='ltr'><strong>nummum,</strong></span> <span class='ocrx_word' id='word_1_131' title='bbox 729 2193 743 2213; x_wconf 80' lang='grc' dir='ltr'><strong>ι</strong></span> <span class='ocrx_word' id='word_1_132' title='bbox 762 2166 836 2237; x_wconf 89' lang='lat' dir='ltr'><strong>quod</strong></span> <span class='ocrx_word' id='word_1_133' title='bbox 880 2186 930 2220; x_wconf 89' lang='lat' dir='ltr'><strong>nos</strong></span> <span class='ocrx_word' id='word_1_134' title='bbox 944 2168 972 2220; x_wconf 95' lang='lat' dir='ltr'><strong>in</strong></span> <span class='ocrx_word' id='word_1_135' title='bbox 984 2167 1163 2220; x_wconf 78' lang='lat' dir='ltr'><strong>tuntuurtium</strong></span> <span class='ocrx_word' id='word_1_136' title='bbox 1178 2167 1237 2219; x_wconf 84' lang='lat' dir='ltr'><strong>luce</strong></span> <span class='ocrx_word' id='word_1_137' title='bbox 1253 2166 1318 2218; x_wconf 86' lang='lat' dir='ltr'><strong>latet.</strong></span> <span class='ocrx_word' id='word_1_138' title='bbox 1329 2163 1373 2215; x_wconf 69' lang='lat' dir='ltr'><strong>ce</strong></span> 
     </span>
     <span class='ocr_line' id='line_1_18' title="bbox 321 2240 1375 2317; baseline 0.002 -22"><span class='ocrx_word' id='word_1_139' title='bbox 321 2240 395 2295; x_wconf 80' lang='lat' dir='ltr'><strong>idem</strong></span> <span class='ocrx_word' id='word_1_140' title='bbox 410 2256 459 2297; x_wconf 91' lang='lat' dir='ltr'><strong>est.</strong></span> <span class='ocrx_word' id='word_1_141' title='bbox 477 2242 569 2298; x_wconf 74' lang='lat' dir='ltr'><strong>lissa.</strong></span> <span class='ocrx_word' id='word_1_142' title='bbox 580 2244 737 2317; x_wconf 78' lang='lat' dir='ltr'><strong>—Vigiuti</strong></span> <span class='ocrx_word' id='word_1_143' title='bbox 753 2246 837 2299; x_wconf 76' lang='lat' dir='ltr'><strong>mittis</strong></span> <span class='ocrx_word' id='word_1_144' title='bbox 880 2260 950 2300; x_wconf 85' lang='lat' dir='ltr'><strong>teras</strong></span> <span class='ocrx_word' id='word_1_145' title='bbox 966 2266 1059 2299; x_wconf 86' lang='lat' dir='ltr'><strong>omnes</strong></span> <span class='ocrx_word' id='word_1_146' title='bbox 1076 2264 1211 2317; x_wconf 78' lang='lat' dir='ltr'><strong>gemmas,</strong></span> <span class='ocrx_word' id='word_1_147' title='bbox 1222 2258 1311 2317; x_wconf 77' lang='lat' dir='ltr'><strong>praeter</strong></span> <span class='ocrx_word' id='word_1_148' title='bbox 1321 2260 1375 2311; x_wconf 76' lang='lat' dir='ltr'><strong>opt·</strong></span> 
     </span>
     <span class='ocr_line' id='line_1_19' title="bbox 321 2322 1373 2390; baseline 0.002 -15"><span class='ocrx_word' id='word_1_149' title='bbox 321 2323 471 2375; x_wconf 74' lang='lat' dir='ltr'><strong>sertertium</strong></span> <span class='ocrx_word' id='word_1_150' title='bbox 486 2336 550 2377; x_wconf 86' lang='lat' dir='ltr'><strong>suat</strong></span> <span class='ocrx_word' id='word_1_151' title='bbox 564 2337 679 2376; x_wconf 68' lang='lat' dir='ltr'><strong>monete</strong></span> <span class='ocrx_word' id='word_1_152' title='bbox 693 2338 791 2377; x_wconf 77' lang='lat' dir='ltr'><strong>nostru</strong></span> <span class='ocrx_word' id='word_1_153' title='bbox 804 2325 836 2377; x_wconf 91' lang='lat' dir='ltr'><strong>li·</strong></span> <span class='ocrx_word' id='word_1_154' title='bbox 880 2326 951 2390; x_wconf 87' lang='lat' dir='ltr'><strong>lum,</strong></span> <span class='ocrx_word' id='word_1_155' title='bbox 962 2344 1053 2379; x_wconf 80' lang='lat' dir='ltr'><strong>sumus</strong></span> <span class='ocrx_word' id='word_1_156' title='bbox 1067 2326 1174 2378; x_wconf 86' lang='lat' dir='ltr'><strong>imitati.</strong></span> <span class='ocrx_word' id='word_1_157' title='bbox 1188 2328 1271 2378; x_wconf 86' lang='lat' dir='ltr'><strong>Bsor.</strong></span> <span class='ocrx_word' id='word_1_158' title='bbox 1285 2354 1319 2365; x_wconf 93' lang='lat'>-</span> <span class='ocrx_word' id='word_1_159' title='bbox 1331 2322 1373 2372; x_wconf 78' lang='lat' dir='ltr'><strong>llo·</strong></span> 
     </span>
     <span class='ocr_line' id='line_1_20' title="bbox 321 2401 1375 2474; baseline -0.004 -19"><span class='ocrx_word' id='word_1_160' title='bbox 321 2402 378 2455; x_wconf 76' lang='lat' dir='ltr'><strong>brsr</strong></span> <span class='ocrx_word' id='word_1_161' title='bbox 398 2404 499 2473; x_wconf 77' lang='lat'><strong>3,8903</strong></span> <span class='ocrx_word' id='word_1_162' title='bbox 513 2401 587 2474; x_wconf 87' lang='lat' dir='ltr'><strong>quod</strong></span> <span class='ocrx_word' id='word_1_163' title='bbox 606 2404 748 2455; x_wconf 86' lang='lat' dir='ltr'><strong>minimum</strong></span> <span class='ocrx_word' id='word_1_164' title='bbox 766 2416 837 2457; x_wconf 88' lang='lat' dir='ltr'><strong>certe</strong></span> <span class='ocrx_word' id='word_1_165' title='bbox 881 2406 967 2457; x_wconf 82' lang='lat' dir='ltr'><strong>rimus</strong></span> <span class='ocrx_word' id='word_1_166' title='bbox 997 2418 1069 2458; x_wconf 84' lang='lat' dir='ltr'><strong>certe</strong></span> <span class='ocrx_word' id='word_1_167' title='bbox 1098 2405 1210 2457; x_wconf 76' lang='lat' dir='ltr'><strong>vitreum</strong></span> <span class='ocrx_word' id='word_1_168' title='bbox 1236 2404 1375 2461; x_wconf 78' lang='lat' dir='ltr'><strong>misturam,</strong></span> 
     </span>
     <span class='ocr_line' id='line_1_21' title="bbox 322 2479 1372 2556; baseline -0.005 -21"><span class='ocrx_word' id='word_1_169' title='bbox 322 2494 362 2536; x_wconf 88' lang='lat' dir='ltr'><strong>est</strong></span> <span class='ocrx_word' id='word_1_170' title='bbox 372 2483 444 2553; x_wconf 82' lang='lat' dir='ltr'><strong>opali</strong></span> <span class='ocrx_word' id='word_1_171' title='bbox 458 2484 587 2553; x_wconf 83' lang='lat' dir='ltr'><strong>pretium,</strong></span> <span class='ocrx_word' id='word_1_172' title='bbox 602 2483 625 2536; x_wconf 90' lang='lat' dir='ltr'><strong>si</strong></span> <span class='ocrx_word' id='word_1_173' title='bbox 638 2483 836 2554; x_wconf 83' lang='lat' dir='ltr'><strong>pulcherrimus</strong></span> <span class='ocrx_word' id='word_1_174' title='bbox 879 2499 969 2550; x_wconf 79' lang='lat' dir='ltr'><strong>struas,</strong></span> <span class='ocrx_word' id='word_1_175' title='bbox 982 2486 1058 2556; x_wconf 83' lang='lat' dir='ltr'><strong>cujus</strong></span> <span class='ocrx_word' id='word_1_176' title='bbox 1072 2505 1126 2556; x_wconf 89' lang='lat' dir='ltr'><strong>ope</strong></span> <span class='ocrx_word' id='word_1_177' title='bbox 1137 2482 1300 2538; x_wconf 77' lang='lat' dir='ltr'><strong>adamantem</strong></span> <span class='ocrx_word' id='word_1_178' title='bbox 1315 2479 1372 2532; x_wconf 89' lang='lat' dir='ltr'><strong>indi·</strong></span> 
     </span>
     <span class='ocr_line' id='line_1_22' title="bbox 322 2561 1372 2634; baseline -0.004 -20"><span class='ocrx_word' id='word_1_179' title='bbox 322 2563 387 2626; x_wconf 78' lang='lat' dir='ltr'><strong>luit3</strong></span> <span class='ocrx_word' id='word_1_180' title='bbox 401 2577 427 2616; x_wconf 88' lang='lat' dir='ltr'><strong>et</strong></span> <span class='ocrx_word' id='word_1_181' title='bbox 439 2581 566 2616; x_wconf 68' lang='lat' dir='ltr'><strong>masne</strong></span> <span class='ocrx_word' id='word_1_182' title='bbox 575 2561 680 2625; x_wconf 82' lang='lat' dir='ltr'><strong>debuit,</strong></span> <span class='ocrx_word' id='word_1_183' title='bbox 690 2563 738 2634; x_wconf 85' lang='lat' dir='ltr'><strong>qui</strong></span> <span class='ocrx_word' id='word_1_184' title='bbox 749 2575 836 2616; x_wconf 85' lang='lat' dir='ltr'><strong>tanto·</strong></span> <span class='ocrx_word' id='word_1_185' title='bbox 880 2579 963 2618; x_wconf 85' lang='lat' dir='ltr'><strong>screts</strong></span> <span class='ocrx_word' id='word_1_186' title='bbox 972 2563 1157 2628; x_wconf 85' lang='lat' dir='ltr'><strong>similitudine,</strong></span> <span class='ocrx_word' id='word_1_187' title='bbox 1164 2561 1372 2632; x_wconf 78' lang='lat' dir='ltr'><strong>preterduritisrn</strong></span> 
     </span>
     <span class='ocr_line' id='line_1_23' title="bbox 322 2637 1374 2715; baseline -0.007 -20"><span class='ocrx_word' id='word_1_188' title='bbox 322 2640 562 2712; x_wconf 68' lang='lat' dir='ltr'><strong>perediligeretur.</strong></span> <span class='ocrx_word' id='word_1_189' title='bbox 578 2640 659 2694; x_wconf 87' lang='lat' dir='ltr'><strong>Unde</strong></span> <span class='ocrx_word' id='word_1_190' title='bbox 671 2659 755 2712; x_wconf 86' lang='lat' dir='ltr'><strong>quum</strong></span> <span class='ocrx_word' id='word_1_191' title='bbox 771 2640 834 2694; x_wconf 74' lang='lat' dir='ltr'><strong>edic</strong></span> <span class='ocrx_word' id='word_1_192' title='bbox 880 2663 912 2698; x_wconf 79' lang='lat' dir='ltr'><strong>sc</strong></span> <span class='ocrx_word' id='word_1_193' title='bbox 922 2642 1043 2715; x_wconf 89' lang='lat' dir='ltr'><strong>pondus,</strong></span> <span class='ocrx_word' id='word_1_194' title='bbox 1062 2637 1213 2704; x_wconf 68' lang='lat' dir='ltr'><strong>imitemin</strong></span> <span class='ocrx_word' id='word_1_195' title='bbox 1228 2643 1310 2693; x_wconf 77' lang='lat' dir='ltr'><strong>multe</strong></span> <span class='ocrx_word' id='word_1_196' title='bbox 1323 2649 1374 2690; x_wconf 87' lang='lat' dir='ltr'><strong>suat</strong></span> 
     </span>
     <span class='ocr_line' id='line_1_24' title="bbox 322 2716 1374 2793; baseline -0.002 -19"><span class='ocrx_word' id='word_1_197' title='bbox 322 2720 448 2792; x_wconf 86' lang='lat' dir='ltr'><strong>princeps</strong></span> <span class='ocrx_word' id='word_1_198' title='bbox 455 2721 592 2786; x_wconf 81' lang='lat' dir='ltr'><strong>exhibeat,</strong></span> <span class='ocrx_word' id='word_1_199' title='bbox 600 2721 667 2775; x_wconf 87' lang='lat' dir='ltr'><strong>II-S.</strong></span> <span class='ocrx_word' id='word_1_200' title='bbox 675 2721 839 2782; x_wconf 79' lang='lat' dir='ltr'><strong>XX,ernen·</strong></span> <span class='ocrx_word' id='word_1_201' title='bbox 881 2725 938 2776; x_wconf 74' lang='lat' dir='ltr'><strong>sliu</strong></span> <span class='ocrx_word' id='word_1_202' title='bbox 950 2724 1087 2788; x_wconf 80' lang='lat' dir='ltr'><strong>mixturae,</strong></span> <span class='ocrx_word' id='word_1_203' title='bbox 1098 2716 1196 2793; x_wconf 80' lang='lat' dir='ltr'><strong>quibui</strong></span> <span class='ocrx_word' id='word_1_204' title='bbox 1206 2739 1314 2792; x_wconf 80' lang='lat' dir='ltr'><strong>gemmas</strong></span> <span class='ocrx_word' id='word_1_205' title='bbox 1326 2717 1374 2786; x_wconf 81' lang='lat' dir='ltr'><strong>plt-</strong></span> 
     </span>
     <span class='ocr_line' id='line_1_25' title="bbox 323 2796 1375 2880; baseline -0.002 -28"><span class='ocrx_word' id='word_1_206' title='bbox 323 2800 447 2880; x_wconf 60' lang='lat' dir='ltr'><strong>dandum</strong></span> <span class='ocrx_word' id='word_1_207' title='bbox 459 2801 527 2853; x_wconf 80' lang='lat' dir='ltr'><strong>sorte</strong></span> <span class='ocrx_word' id='word_1_208' title='bbox 545 2796 683 2853; x_wconf 79' lang='lat' dir='ltr'><strong>Broterius</strong></span> <span class='ocrx_word' id='word_1_209' title='bbox 698 2801 835 2870; x_wconf 73' lang='lat' dir='ltr'><strong>opinatur·</strong></span> <span class='ocrx_word' id='word_1_210' title='bbox 879 2805 961 2856; x_wconf 83' lang='lat' dir='ltr'><strong>rimas</strong></span> <span class='ocrx_word' id='word_1_211' title='bbox 985 2803 1050 2855; x_wconf 80' lang='lat' dir='ltr'><strong>alies</strong></span> <span class='ocrx_word' id='word_1_212' title='bbox 1076 2799 1274 2865; x_wconf 70' lang='lat' dir='ltr'><strong>adulteremus,</strong></span> <span class='ocrx_word' id='word_1_213' title='bbox 1298 2796 1375 2867; x_wconf 63' lang='lat' dir='ltr'><strong>opsloe</strong></span> 
     </span>
     <span class='ocr_line' id='line_1_26' title="bbox 323 2876 1372 2951; baseline -0.006 -19"><span class='ocrx_word' id='word_1_214' title='bbox 323 2880 389 2932; x_wconf 64' lang='lat'><strong>115.</strong></span> <span class='ocrx_word' id='word_1_215' title='bbox 409 2883 473 2944; x_wconf 67' lang='lat'><strong>1113</strong></span> <span class='ocrx_word' id='word_1_216' title='bbox 488 2899 548 2951; x_wconf 82' lang='lat' dir='ltr'><strong>qusr</strong></span> <span class='ocrx_word' id='word_1_217' title='bbox 562 2891 625 2932; x_wconf 89' lang='lat' dir='ltr'><strong>sunt</strong></span> <span class='ocrx_word' id='word_1_218' title='bbox 636 2879 717 2932; x_wconf 78' lang='lat' dir='ltr'><strong>vicies</strong></span> <span class='ocrx_word' id='word_1_219' title='bbox 727 2891 838 2933; x_wconf 75' lang='lat' dir='ltr'><strong>centena</strong></span> <span class='ocrx_word' id='word_1_220' title='bbox 881 2901 945 2936; x_wconf 76' lang='lat' dir='ltr'><strong>roro</strong></span> <span class='ocrx_word' id='word_1_221' title='bbox 964 2881 1052 2934; x_wconf 73' lang='lat' dir='ltr'><strong>sunni</strong></span> <span class='ocrx_word' id='word_1_222' title='bbox 1066 2893 1093 2933; x_wconf 87' lang='lat' dir='ltr'><strong>et</strong></span> <span class='ocrx_word' id='word_1_223' title='bbox 1104 2881 1220 2934; x_wconf 82' lang='lat' dir='ltr'><strong>arrenici</strong></span> <span class='ocrx_word' id='word_1_224' title='bbox 1235 2876 1319 2942; x_wconf 75' lang='lat' dir='ltr'><strong>(arides</strong></span> <span class='ocrx_word' id='word_1_225' title='bbox 1330 2876 1372 2927; x_wconf 76' lang='lat' dir='ltr'><strong>d&#39;e&#39;·</strong></span> 
     </span>
     <span class='ocr_line' id='line_1_27' title="bbox 323 2951 1307 3029; baseline -0.004 -17"><span class='ocrx_word' id='word_1_226' title='bbox 323 2960 406 3014; x_wconf 86' lang='lat' dir='ltr'><strong>millia</strong></span> <span class='ocrx_word' id='word_1_227' title='bbox 419 2961 585 3024; x_wconf 78' lang='lat' dir='ltr'><strong>sestertium,</strong></span> <span class='ocrx_word' id='word_1_228' title='bbox 603 2977 650 3011; x_wconf 89' lang='lat' dir='ltr'><strong>seu</strong></span> <span class='ocrx_word' id='word_1_229' title='bbox 664 2957 765 3029; x_wconf 73' lang='lat' dir='ltr'><strong>gallicu</strong></span> <span class='ocrx_word' id='word_1_230' title='bbox 779 2977 839 3010; x_wconf 85' lang='lat' dir='ltr'><strong>rao·</strong></span> <span class='ocrx_word' id='word_1_231' title='bbox 883 2967 936 3014; x_wconf 81' lang='lat' dir='ltr'><strong>teia</strong></span> <span class='ocrx_word' id='word_1_232' title='bbox 947 2973 972 3013; x_wconf 90' lang='lat' dir='ltr'><strong>et</strong></span> <span class='ocrx_word' id='word_1_233' title='bbox 985 2951 1116 3026; x_wconf 79' lang='lat' dir='ltr'><strong>d&#39;arseaic)</strong></span> <span class='ocrx_word' id='word_1_234' title='bbox 1129 2959 1307 3012; x_wconf 59' lang='lat' dir='ltr'><strong>minutalia.</strong></span> 
     </span>
     <span class='ocr_line' id='line_1_28' title="bbox 323 3037 1324 3108; baseline -0.002 -17"><span class='ocrx_word' id='word_1_235' title='bbox 323 3052 393 3093; x_wconf 69' lang='lat' dir='ltr'><strong>neta</strong></span> <span class='ocrx_word' id='word_1_236' title='bbox 405 3041 481 3092; x_wconf 79' lang='lat' dir='ltr'><strong>libre</strong></span> <span class='ocrx_word' id='word_1_237' title='bbox 495 3039 639 3107; x_wconf 73' lang='lat'><strong>³89,25=;</strong></span> <span class='ocrx_word' id='word_1_238' title='bbox 655 3037 703 3091; x_wconf 92' lang='lat' dir='ltr'><strong>sed</strong></span> <span class='ocrx_word' id='word_1_239' title='bbox 717 3050 744 3091; x_wconf 91' lang='lat' dir='ltr'><strong>et</strong></span> <span class='ocrx_word' id='word_1_240' title='bbox 754 3039 838 3108; x_wconf 82' lang='lat' dir='ltr'><strong>majus</strong></span> <span class='ocrx_word' id='word_1_241' title='bbox 925 3046 950 3104; x_wconf 71' lang='grc'><strong>4.</strong></span> <span class='ocrx_word' id='word_1_242' title='bbox 971 3039 1083 3092; x_wconf 70' lang='lat' dir='ltr'><strong>libratis.</strong></span> <span class='ocrx_word' id='word_1_243' title='bbox 1098 3040 1227 3092; x_wconf 79' lang='lat' dir='ltr'><strong>versatis.</strong></span> <span class='ocrx_word' id='word_1_244' title='bbox 1243 3039 1324 3090; x_wconf 81' lang='lat' dir='ltr'><strong>lisso·</strong></span> 
     </span>
     <span class='ocr_line' id='line_1_29' title="bbox 324 3116 1372 3190; baseline -0.008 -19"><span class='ocrx_word' id='word_1_245' title='bbox 324 3116 352 3171; x_wconf 79' lang='lat' dir='ltr'><strong>id</strong></span> <span class='ocrx_word' id='word_1_246' title='bbox 364 3121 481 3190; x_wconf 83' lang='lat' dir='ltr'><strong>pretium</strong></span> <span class='ocrx_word' id='word_1_247' title='bbox 497 3118 611 3170; x_wconf 82' lang='lat' dir='ltr'><strong>ridetur.</strong></span> <span class='ocrx_word' id='word_1_248' title='bbox 627 3119 679 3171; x_wconf 82' lang='lat' dir='ltr'><strong>En.</strong></span> <span class='ocrx_word' id='word_1_249' title='bbox 925 3123 951 3173; x_wconf 84' lang='lat'><strong>5.</strong></span> <span class='ocrx_word' id='word_1_250' title='bbox 970 3121 1001 3172; x_wconf 82' lang='lat' dir='ltr'><strong>Irt</strong></span> <span class='ocrx_word' id='word_1_251' title='bbox 1018 3139 1043 3171; x_wconf 78' lang='lat' dir='ltr'><strong>ss</strong></span> <span class='ocrx_word' id='word_1_252' title='bbox 1058 3131 1218 3186; x_wconf 71' lang='lat' dir='ltr'><strong>mersumptsss.</strong></span> <span class='ocrx_word' id='word_1_253' title='bbox 1236 3117 1372 3169; x_wconf 75' lang='lat' dir='ltr'><strong>Nititur·</strong></span> 
     </span>
     <span class='ocr_line' id='line_1_30' title="bbox 368 3192 1355 3269; baseline -0.006 -19"><span class='ocrx_word' id='word_1_254' title='bbox 368 3197 413 3251; x_wconf 80' lang='lat'><strong>13.</strong></span> <span class='ocrx_word' id='word_1_255' title='bbox 428 3200 509 3269; x_wconf 78' lang='lat' dir='ltr'><strong>Quum</strong></span> <span class='ocrx_word' id='word_1_256' title='bbox 519 3199 663 3264; x_wconf 73' lang='lat' dir='ltr'><strong>etiamseroe</strong></span> <span class='ocrx_word' id='word_1_257' title='bbox 674 3197 783 3249; x_wconf 76' lang='lat' dir='ltr'><strong>sirmas.</strong></span> <span class='ocrx_word' id='word_1_258' title='bbox 799 3199 839 3250; x_wconf 88' lang='lat' dir='ltr'><strong>De</strong></span> <span class='ocrx_word' id='word_1_259' title='bbox 882 3217 910 3251; x_wconf 87' lang='lat' dir='ltr'><strong>se</strong></span> <span class='ocrx_word' id='word_1_260' title='bbox 922 3197 989 3252; x_wconf 88' lang='lat' dir='ltr'><strong>lucis</strong></span> <span class='ocrx_word' id='word_1_261' title='bbox 1001 3199 1124 3268; x_wconf 73' lang='lat' dir='ltr'><strong>eiiciens,</strong></span> <span class='ocrx_word' id='word_1_262' title='bbox 1138 3211 1185 3250; x_wconf 77' lang='lat' dir='ltr'><strong>sut</strong></span> <span class='ocrx_word' id='word_1_263' title='bbox 1196 3213 1317 3268; x_wconf 76' lang='lat' dir='ltr'><strong>spargens</strong></span> <span class='ocrx_word' id='word_1_264' title='bbox 1328 3192 1355 3243; x_wconf 81' lang='lat' dir='ltr'><strong>ll.</strong></span> 
     </span>
     <span class='ocr_line' id='line_1_31' title="bbox 324 3276 1369 3347; baseline -0.006 -18"><span class='ocrx_word' id='word_1_265' title='bbox 324 3277 395 3330; x_wconf 81' lang='lat' dir='ltr'><strong>libro</strong></span> <span class='ocrx_word' id='word_1_266' title='bbox 414 3277 444 3330; x_wconf 90' lang='lat' dir='ltr'><strong>id</strong></span> <span class='ocrx_word' id='word_1_267' title='bbox 463 3295 544 3347; x_wconf 75' lang='lat' dir='ltr'><strong>supra</strong></span> <span class='ocrx_word' id='word_1_268' title='bbox 563 3277 669 3346; x_wconf 75' lang='lat' dir='ltr'><strong>scripsit</strong></span> <span class='ocrx_word' id='word_1_269' title='bbox 692 3276 742 3330; x_wconf 86' lang='lat' dir='ltr'><strong>lib.</strong></span> <span class='ocrx_word' id='word_1_270' title='bbox 752 3277 838 3342; x_wconf 91' lang='lat' dir='ltr'><strong>VIll,</strong></span> <span class='ocrx_word' id='word_1_271' title='bbox 923 3281 952 3332; x_wconf 82' lang='grc'><strong>6.</strong></span> <span class='ocrx_word' id='word_1_272' title='bbox 968 3277 1029 3329; x_wconf 83' lang='lat' dir='ltr'><strong>Veri</strong></span> <span class='ocrx_word' id='word_1_273' title='bbox 1037 3278 1138 3346; x_wconf 76' lang='lat' dir='ltr'><strong>fulgor.</strong></span> <span class='ocrx_word' id='word_1_274' title='bbox 1156 3289 1206 3330; x_wconf 84' lang='lat' dir='ltr'><strong>ete.</strong></span> <span class='ocrx_word' id='word_1_275' title='bbox 1222 3276 1283 3328; x_wconf 88' lang='lat' dir='ltr'><strong>Veri</strong></span> <span class='ocrx_word' id='word_1_276' title='bbox 1300 3284 1369 3325; x_wconf 76' lang='lat' dir='ltr'><strong>nmen</strong></span> 
     </span>
     <span class='ocr_line' id='line_1_32' title="bbox 324 3357 1197 3429; baseline -0.002 -20"><span class='ocrx_word' id='word_1_277' title='bbox 324 3375 384 3427; x_wconf 80' lang='lat' dir='ltr'><strong>esp.</strong></span> <span class='ocrx_word' id='word_1_278' title='bbox 400 3357 527 3411; x_wconf 63' lang='lat' dir='ltr'><strong>saum.</strong></span> <span class='ocrx_word' id='word_1_279' title='bbox 544 3385 579 3397; x_wconf 89' lang='lat'><em>—</em></span> <span class='ocrx_word' id='word_1_280' title='bbox 594 3357 838 3424; x_wconf 57' lang='lat' dir='ltr'><strong>Quumnieafferse.</strong></span> <span class='ocrx_word' id='word_1_281' title='bbox 883 3357 1165 3429; x_wconf 80' lang='lat' dir='ltr'><strong>opslifulgor.llsru.</strong></span> <span class='ocrx_word' id='word_1_282' title='bbox 1191 3398 1197 3407; x_wconf 95' lang='lat'><em>.</em></span> 
     </span>
     <span class='ocr_line' id='line_1_33' title="bbox 326 3432 1371 3506; baseline -0.005 -16"><span class='ocrx_word' id='word_1_283' title='bbox 326 3437 464 3501; x_wconf 68' lang='lat' dir='ltr'><strong>Castores,</strong></span> <span class='ocrx_word' id='word_1_284' title='bbox 492 3434 529 3488; x_wconf 76' lang='lat' dir='ltr'><strong>ds</strong></span> <span class='ocrx_word' id='word_1_285' title='bbox 557 3436 657 3505; x_wconf 82' lang='lat' dir='ltr'><strong>quibus</strong></span> <span class='ocrx_word' id='word_1_286' title='bbox 682 3435 730 3488; x_wconf 84' lang='lat' dir='ltr'><strong>lib.</strong></span> <span class='ocrx_word' id='word_1_287' title='bbox 750 3437 838 3500; x_wconf 88' lang='lat' dir='ltr'><strong>VIII,</strong></span> <span class='ocrx_word' id='word_1_288' title='bbox 924 3455 950 3506; x_wconf 92' lang='lat'><strong>7.</strong></span> <span class='ocrx_word' id='word_1_289' title='bbox 970 3437 1107 3488; x_wconf 79' lang='lat' dir='ltr'><strong>Poedetuta.</strong></span> <span class='ocrx_word' id='word_1_290' title='bbox 1127 3432 1288 3504; x_wconf 72' lang='lat' dir='ltr'><strong>Ila-rdt&#39;pure,</strong></span> <span class='ocrx_word' id='word_1_291' title='bbox 1305 3445 1371 3480; x_wconf 72' lang='lat' dir='ltr'><strong>mll-</strong></span> 
     </span>
     <span class='ocr_line' id='line_1_34' title="bbox 325 3509 1371 3588; baseline -0.006 -19"><span class='ocrx_word' id='word_1_292' title='bbox 325 3534 385 3588; x_wconf 81' lang='lat' dir='ltr'><strong>ctp.</strong></span> <span class='ocrx_word' id='word_1_293' title='bbox 401 3522 447 3585; x_wconf 68' lang='lat'><strong>47.</strong></span> <span class='ocrx_word' id='word_1_294' title='bbox 459 3515 553 3568; x_wconf 79' lang='lat' dir='ltr'><strong>lisso.</strong></span> <span class='ocrx_word' id='word_1_295' title='bbox 884 3527 953 3569; x_wconf 83' lang='lat' dir='ltr'><strong>stum</strong></span> <span class='ocrx_word' id='word_1_296' title='bbox 968 3535 1043 3587; x_wconf 74' lang='lat' dir='ltr'><strong>uque</strong></span> <span class='ocrx_word' id='word_1_297' title='bbox 1056 3533 1086 3568; x_wconf 87' lang='lat' dir='ltr'><strong>sc</strong></span> <span class='ocrx_word' id='word_1_298' title='bbox 1098 3532 1212 3584; x_wconf 88' lang='lat' dir='ltr'><strong>puerum</strong></span> <span class='ocrx_word' id='word_1_299' title='bbox 1228 3511 1282 3568; x_wconf 81' lang='lat' dir='ltr'><strong>:vel</strong></span> <span class='ocrx_word' id='word_1_300' title='bbox 1294 3509 1371 3560; x_wconf 68' lang='lat' dir='ltr'><strong>levore</strong></span> 
     </span>
     <span class='ocr_line' id='line_1_35' title="bbox 366 3589 1371 3666; baseline -0.004 -18"><span class='ocrx_word' id='word_1_301' title='bbox 366 3596 455 3648; x_wconf 84' lang='lat' dir='ltr'><strong>xxt1.</strong></span> <span class='ocrx_word' id='word_1_302' title='bbox 471 3613 496 3647; x_wconf 89' lang='lat' dir='ltr'><strong>r.</strong></span> <span class='ocrx_word' id='word_1_303' title='bbox 517 3593 546 3648; x_wconf 88' lang='lat' dir='ltr'><strong>Si</strong></span> <span class='ocrx_word' id='word_1_304' title='bbox 556 3593 597 3644; x_wconf 81' lang='lat' dir='ltr'><strong>sul</strong></span> <span class='ocrx_word' id='word_1_305' title='bbox 609 3597 759 3646; x_wconf 74' lang='lat' dir='ltr'><strong>interveniat.</strong></span> <span class='ocrx_word' id='word_1_306' title='bbox 769 3595 839 3646; x_wconf 86' lang='lat' dir='ltr'><strong>Ver·</strong></span> <span class='ocrx_word' id='word_1_307' title='bbox 883 3595 981 3666; x_wconf 88' lang='lat' dir='ltr'><strong>puerili</strong></span> <span class='ocrx_word' id='word_1_308' title='bbox 997 3594 1106 3665; x_wconf 87' lang='lat' dir='ltr'><strong>corpori</strong></span> <span class='ocrx_word' id='word_1_309' title='bbox 1116 3593 1241 3646; x_wconf 85' lang='lat' dir='ltr'><strong>similem.</strong></span> <span class='ocrx_word' id='word_1_310' title='bbox 1251 3589 1371 3658; x_wconf 73' lang='lat' dir='ltr'><strong>orpheus.</strong></span> 
     </span>
     <span class='ocr_line' id='line_1_36' title="bbox 264 3663 1370 3745; baseline -0.005 -15"><span class='ocrx_word' id='word_1_311' title='bbox 264 3691 274 3712; x_wconf 81' lang='lat'><strong>·</strong></span> <span class='ocrx_word' id='word_1_312' title='bbox 326 3694 396 3730; x_wconf 69' lang='lat' dir='ltr'><strong>rucae</strong></span> <span class='ocrx_word' id='word_1_313' title='bbox 409 3693 503 3745; x_wconf 75' lang='lat' dir='ltr'><strong>genus,</strong></span> <span class='ocrx_word' id='word_1_314' title='bbox 517 3673 601 3726; x_wconf 83' lang='lat' dir='ltr'><strong>instar</strong></span> <span class='ocrx_word' id='word_1_315' title='bbox 613 3674 688 3744; x_wconf 80' lang='lat' dir='ltr'><strong>gram</strong></span> <span class='ocrx_word' id='word_1_316' title='bbox 701 3675 769 3726; x_wconf 78' lang='lat' dir='ltr'><strong>salis.</strong></span> <span class='ocrx_word' id='word_1_317' title='bbox 786 3673 820 3726; x_wconf 84' lang='grc' dir='ltr'><strong>Η.</strong></span> <span class='ocrx_word' id='word_1_318' title='bbox 884 3663 1370 3744; x_wconf 54' lang='lat' dir='ltr'><strong>mpttttssttr.drusio-muttire</strong></span> 
     </span>
     <span class='ocr_line' id='line_1_37' title="bbox 369 3749 1372 3824; baseline -0.003 -16"><span class='ocrx_word' id='word_1_319' title='bbox 369 3776 395 3809; x_wconf 83' lang='lat' dir='ltr'><strong>a.</strong></span> <span class='ocrx_word' id='word_1_320' title='bbox 409 3754 572 3807; x_wconf 79' lang='lat' dir='ltr'><strong>Similitudine</strong></span> <span class='ocrx_word' id='word_1_321' title='bbox 595 3755 732 3806; x_wconf 77' lang='lat' dir='ltr'><strong>indisereta.</strong></span> <span class='ocrx_word' id='word_1_322' title='bbox 755 3753 840 3805; x_wconf 79' lang='lat' dir='ltr'><strong>Tanta</strong></span> <span class='ocrx_word' id='word_1_323' title='bbox 885 3754 980 3824; x_wconf 77' lang='lat' dir='ltr'><strong>ripariis</strong></span> <span class='ocrx_word' id='word_1_324' title='bbox 1011 3755 1054 3806; x_wconf 74' lang='lat' dir='ltr'><strong>saal</strong></span> <span class='ocrx_word' id='word_1_325' title='bbox 1090 3753 1204 3804; x_wconf 68' lang='lat' dir='ltr'><strong>isrfflras</strong></span> <span class='ocrx_word' id='word_1_326' title='bbox 1231 3749 1372 3820; x_wconf 58' lang='lat' dir='ltr'><strong>suasisset,</strong></span> 
     </span>
     <span class='ocr_line' id='line_1_38' title="bbox 327 3819 1369 3903; baseline -0.008 -17"><span class='ocrx_word' id='word_1_327' title='bbox 327 3833 512 3897; x_wconf 85' lang='lat' dir='ltr'><strong>similitudine,</strong></span> <span class='ocrx_word' id='word_1_328' title='bbox 531 3845 562 3885; x_wconf 91' lang='lat' dir='ltr'><strong>ut</strong></span> <span class='ocrx_word' id='word_1_329' title='bbox 584 3833 630 3884; x_wconf 78' lang='lat' dir='ltr'><strong>rix</strong></span> <span class='ocrx_word' id='word_1_330' title='bbox 650 3833 728 3885; x_wconf 79' lang='lat' dir='ltr'><strong>falsos</strong></span> <span class='ocrx_word' id='word_1_331' title='bbox 741 3831 841 3885; x_wconf 84' lang='lat' dir='ltr'><strong>discer-</strong></span> <span class='ocrx_word' id='word_1_332' title='bbox 883 3824 992 3902; x_wconf 76' lang='grc' dir='ltr'><strong>Ᾰγλαὸιι,</strong></span> <span class='ocrx_word' id='word_1_333' title='bbox 1012 3834 1110 3903; x_wconf 75' lang='grc' dir='ltr'><strong>ίμιρτιῦ</strong></span> <span class='ocrx_word' id='word_1_334' title='bbox 1128 3833 1213 3900; x_wconf 70' lang='lat' dir='ltr'><strong>ripaue</strong></span> <span class='ocrx_word' id='word_1_335' title='bbox 1225 3831 1282 3898; x_wconf 65' lang='grc' dir='ltr'><strong>χρόα</strong></span> <span class='ocrx_word' id='word_1_336' title='bbox 1296 3819 1369 3878; x_wconf 73' lang='lat' dir='ltr'><strong>aeslit</strong></span> 
     </span>
     <span class='ocr_line' id='line_1_39' title="bbox 327 3903 1370 3980; baseline -0.008 -14"><span class='ocrx_word' id='word_1_337' title='bbox 327 3933 391 3967; x_wconf 88' lang='lat' dir='ltr'><strong>uere</strong></span> <span class='ocrx_word' id='word_1_338' title='bbox 405 3914 481 3967; x_wconf 80' lang='lat' dir='ltr'><strong>liceat</strong></span> <span class='ocrx_word' id='word_1_339' title='bbox 493 3932 508 3964; x_wconf 89' lang='grc' dir='ltr'><strong>ιι</strong></span> <span class='ocrx_word' id='word_1_340' title='bbox 522 3911 599 3964; x_wconf 82' lang='lat' dir='ltr'><strong>veris.</strong></span> <span class='ocrx_word' id='word_1_341' title='bbox 615 3913 705 3966; x_wconf 77' lang='lat' dir='ltr'><strong>Hsau,</strong></span> <span class='ocrx_word' id='word_1_342' title='bbox 885 3913 981 3980; x_wconf 71' lang='grc' dir='ltr'><strong>ῖχοντα.</strong></span> <span class='ocrx_word' id='word_1_343' title='bbox 1000 3911 1184 3962; x_wconf 77' lang='lat' dir='ltr'><strong>—l&#39;oederata.</strong></span> <span class='ocrx_word' id='word_1_344' title='bbox 1198 3903 1370 3977; x_wconf 78' lang='lat' dir='ltr'><strong>lrnppelltltt·</strong></span> 
     </span>
     <span class='ocr_line' id='line_1_40' title="bbox 370 3991 1371 4061; baseline -0.007 -16"><span class='ocrx_word' id='word_1_345' title='bbox 370 3995 396 4045; x_wconf 86' lang='grc'><strong>3.</strong></span> <span class='ocrx_word' id='word_1_346' title='bbox 411 3994 484 4043; x_wconf 73' lang='lat' dir='ltr'><strong>Viuo</strong></span> <span class='ocrx_word' id='word_1_347' title='bbox 499 3993 629 4043; x_wconf 71' lang='lat' dir='ltr'><strong>adulterare.</strong></span> <span class='ocrx_word' id='word_1_348' title='bbox 645 3991 837 4044; x_wconf 73' lang='lat' dir='ltr'><strong>Persectitsima</strong></span> <span class='ocrx_word' id='word_1_349' title='bbox 883 4003 926 4044; x_wconf 91' lang='lat' dir='ltr'><strong>tur</strong></span> <span class='ocrx_word' id='word_1_350' title='bbox 945 3991 1054 4061; x_wconf 85' lang='lat' dir='ltr'><strong>opalus,</strong></span> <span class='ocrx_word' id='word_1_351' title='bbox 1075 4008 1088 4042; x_wconf 87' lang='lat' dir='ltr'><strong>s</strong></span> <span class='ocrx_word' id='word_1_352' title='bbox 1110 4001 1240 4041; x_wconf 82' lang='lat' dir='ltr'><strong>venustate</strong></span> <span class='ocrx_word' id='word_1_353' title='bbox 1256 3997 1280 4038; x_wconf 89' lang='lat' dir='ltr'><strong>et</strong></span> <span class='ocrx_word' id='word_1_354' title='bbox 1298 3995 1371 4034; x_wconf 63' lang='lat' dir='ltr'>2¹³⁰st</span> 
     </span>
     <span class='ocr_line' id='line_1_41' title="bbox 328 4063 1368 4142; baseline -0.013 -16"><span class='ocrx_word' id='word_1_355' title='bbox 328 4091 391 4142; x_wconf 74' lang='lat' dir='ltr'><strong>ergo</strong></span> <span class='ocrx_word' id='word_1_356' title='bbox 400 4072 452 4125; x_wconf 84' lang='lat' dir='ltr'><strong>luit</strong></span> <span class='ocrx_word' id='word_1_357' title='bbox 460 4071 531 4142; x_wconf 89' lang='lat' dir='ltr'><strong>apud</strong></span> <span class='ocrx_word' id='word_1_358' title='bbox 543 4069 624 4124; x_wconf 86' lang='lat' dir='ltr'><strong>ludus</strong></span> <span class='ocrx_word' id='word_1_359' title='bbox 634 4071 695 4124; x_wconf 80' lang='lat' dir='ltr'><strong>uitri</strong></span> <span class='ocrx_word' id='word_1_360' title='bbox 706 4083 734 4122; x_wconf 83' lang='lat' dir='ltr'><strong>st</strong></span> <span class='ocrx_word' id='word_1_361' title='bbox 744 4071 839 4123; x_wconf 80' lang='lat' dir='ltr'><strong>vitreu-</strong></span> <span class='ocrx_word' id='word_1_362' title='bbox 882 4087 1027 4142; x_wconf 86' lang='lat' dir='ltr'><strong>puerorum</strong></span> <span class='ocrx_word' id='word_1_363' title='bbox 1041 4069 1143 4123; x_wconf 67' lang='lat' dir='ltr'><strong>Grecis</strong></span> <span class='ocrx_word' id='word_1_364' title='bbox 1151 4067 1289 4120; x_wconf 82' lang='lat' dir='ltr'><strong>notissimo.</strong></span> <span class='ocrx_word' id='word_1_365' title='bbox 1297 4063 1368 4113; x_wconf 74' lang='lat' dir='ltr'><strong>asor.</strong></span> 
     </span>
    </p>
   </div>
   <div class='ocr_carea' id='block_1_4' title="bbox 0 0 1496 5000">
    <p class='ocr_par' dir='ltr' id='par_1_6' title="bbox 0 0 1496 5000">
     <span class='ocr_line' id='line_1_42' title="bbox 0 0 1496 5000; baseline 0 0"><span class='ocrx_word' id='word_1_366' title='bbox 0 0 1496 5000; x_wconf 95' lang='lat' dir='ltr'><strong> </strong></span> 
     </span>
    </p>
   </div>
  </div>
 </body>
</html>
