2950 5000
337 461 404 532 190
607 441 1121 511 C.PL1N11NAT.HlsT.

280 581 314 632 ²6
385 569 572 642 Desilaus¹⁹
592 573 843 668 Doryphoron,
878 589 912 644 et
937 577 1141 644 Amazonem
1179 574 1381 646 vulneratam.

332 681 523 748 Demetrius
531 677 557 702 ²⁰
587 680 824 773 Lysimachen,
855 706 929 775 quae
964 680 1120 752 sacerdos
1150 683 1308 750 Minervae
1329 681 1382 750 luit

333 787 428 854 annis
442 787 611 881 sexaginta
627 801 780 882 quatuor.
799 787 892 858 ldem
907 802 942 857 et
955 789 1160 872 Minervam,
1182 813 1256 882 quae
1271 789 1384 857 Musica

332 889 572 986 appellatur²¹‚
610 894 768 986 quoniam
799 893 962 964 dracones
986 893 1024 962 in
1045 897 1206 988 Gorgone
1216 891 1241 919 '²
1266 895 1330 988 ejus
1347 892 1385 962 ad
1424 931 1430 944 ·

333 1000 418 1068 ictus
437 998 575 1068 citharae
595 1000 717 1068 tinnitu
730 1015 900 1069 resonant.
916 999 1009 1069 ldern
1027 1001 1171 1096 equitem
1189 999 1348 1072 Simonem
1355 985 1385 1086 ²³,

331 1221 374 1276 sel
388 1223 507 1292 Χαιρέας.
520 1221 664 1275 Chesilum
683 1224 844 1276 statuarium
889 1223 1048 1296 sinistraque
1066 1226 1144 1280 freno
1162 1237 1245 1279 tenet.
1256 1225 1341 1291 Quum
1356 1223 1385 1278 ri·

332 1301 509 1372 Olynthium,
527 1299 599 1372 apud
622 1303 733 1356 Pausan.
760 1303 842 1357 Eliso.
890 1305 962 1358 tulus
980 1305 1092 1376 picturae
1111 1323 1168 1359 non
1187 1303 1385 1378 respondeat‚si

333 1394 401 1453 post.
414 1400 441 1452 p.
455 1379 521 1449 375.
532 1381 624 1434 liano.
753 1397 761 1416 ·
891 1401 942 1437 vox
953 1386 1030 1438 unica
1043 1383 1168 1439 credatur
1180 1403 1236 1438 esse
1250 1401 1386 1439 musac·

375 1479 419 1530 ¹9·
434 1461 554 1514 Desilaus.
568 1463 696 1522 Δησὶλαος.
713 1459 758 1514 Sic
771 1461 844 1515 enirn
890 1481 935 1530 ar,
950 1477 1023 1518 rerto
1035 1463 1063 1518 id
1075 1465 1165 1537 ipsum
1178 1477 1331 1534 argumento
1342 1475 1386 1530 est,

331 1540 408 1594 MSS.
421 1541 484 1612 Reg.
502 1561 529 1604 a,
542 1541 662 1594 Colbert.
679 1541 705 1607 3,
722 1543 840 1614 aliique:
889 1543 1004 1616 aliquam
1017 1544 1055 1597 ibi
1071 1545 1153 1598 latere
1164 1545 1385 1615 sententiamque

330 1639 402 1685 non,
413 1634 443 1673 ut
457 1618 536 1678 editi,
554 1621 673 1674 cressum
685 1641 696 1675 .·
708 1623 785 1695 cujus
797 1622 845 1675 ha·
889 1624 951 1678 solis
961 1623 1128 1696 singularum
1144 1642 1240 1678 vocum
1255 1625 1343 1696 primis
1351 1623 1387 1676 lit·

331 1701 389 1753 bita
401 1701 483 1771 paulo
498 1714 559 1754 aute
575 1700 691 1766 mentio,
705 1699 734 1753 in
750 1719 843 1754 eornm
889 1705 950 1757 teris
971 1703 1131 1776 syllabisque
1152 1703 1324 1776 exprimatur.
1345 1705 1387 1756 le-

331 1799 445 1833 numero
458 1799 572 1852 quorum
590 1780 746 1834 nominibus
759 1781 845 1854 praeli·
888 1781 1005 1854 gendum
1012 1784 1051 1837 sic
1059 1783 1159 1854 igitur:
1175 1809 1188 1832 ι
1202 1785 1385 1854 llllperstorum

331 1861 536 1933 giturlitterae.
546 1860 640 1913 Haan.
888 1863 995 1916 Primus
1008 1864 1164 1935 Equitatum
1183 1865 1330 1917 Romanum
1343 1865 1387 1914 Aa·

374 1959 419 1993 so.
448 1940 596 1992 Demetrius.
628 1939 755 1993 Meminit
786 1941 844 2011 ejus
888 1943 1146 2014 siliaremTrajanus
1155 1942 1383 1996 Ollientilnmlit·

330 2021 523 2087 Quintilianus,
537 2020 604 2085 llll,
616 2037 659 2085 ro,
671 2039 700 2090 p.
715 2019 784 2090 895,
796 2019 844 2074 ubi
888 2023 940 2076 Vir
954 2039 1054 2093 equum
1067 2041 1177 2093 regenam
1192 2041 1244 2094 qua
1260 2023 1342 2077 forms
1351 2021 1387 2073 bic

283 2127 289 2135 ·
331 2099 366 2154 de
379 2101 511 2154 statuariis
525 2100 726 2163 :cDemetrius¹
742 2099 844 2171 inquit,
888 2099 1018 2173 pingitur,
1027 2103 1105 2156 etiam
1119 2103 1240 2156 cernitur
1250 2103 1277 2155 in
1287 2117 1386 2154 nummo

330 2193 465 2251 tamqnam
487 2180 587 2234 nimius
605 2179 633 2231 in
650 2197 681 2232 ea
698 2180 843 2250 aeprehen·
888 2181 963 2236 Getae
982 2182 1126 2253 inscripto,
1146 2199 1261 2248 aaaron
1278 2194 1304 2234 et
1323 2179 1387 2252 eqni·

331 2259 405 2314 ditur
423 2252 546 2329 (nempe
566 2259 594 2311 in
619 2261 728 2312 veritate
753 2259 843 2329 expri·
888 2273 943 2314 tem
977 2262 1177 2334 equitatumque
1205 2261 1339 2333 designem
1358 2260 1388 2312 ob

331 2336 445 2403 urenda)
456 2351 483 2392 et
497 2339 548 2392 l'uit
559 2336 752 2404 similitudinis,
763 2356 843 2410 quarn
875 2339 956 2398 fillud
976 2342 1079 2394 Horatii
1090 2379 1099 2405 ,
1109 2340 1200 2394 Castam
1209 2341 1304 2412 pedet
1318 2358 1388 2412 equs.-

330 2419 538 2491 pulchritudinis
552 2418 693 2471 amantior.
711 2444 723 2466 ι
738 2419 779 2472 De
793 2418 844 2472 bar
887 2433 949 2492 post
956 2419 1028 2474 illud
1039 2421 1211 2474 Homericum
1221 2443 1229 2473 r
1240 2420 1348 2492 Κάςορος
1355 2421 1388 2472 is·

331 2501 489 2574 Lysimache
509 2499 650 2553 Pausanias
668 2500 697 2551 in
714 2496 843 2565 Arrie.1,
887 2496 1022 2573 wadripsrn.
1052 2502 1143 2555 Alium
1171 2514 1299 2573 praeterea
1322 2518 1387 2553 num·

330 2598 361 2651 p.
375 2587 422 2651 49.
435 2581 525 2634 llaan.
887 2598 963 2633 mum
982 2579 1082 2634 ibidem
1103 2582 1185 2635 refert
1198 2582 1289 2647 Ocno,
1305 2582 1387 2651 inquo

372 2679 416 2714 ar.
432 2663 497 2730 Qua
509 2659 605 2713 Musica
624 2658 770 2730 appellatur.
793 2658 844 2711 hli-
890 2658 1389 2732 squadrigaetriumphalffiinquihpul

330 2758 420 2793 nerva
429 2740 537 2793 Musicae
544 2737 616 2810 apud
629 2740 755 2793 Senecam
769 2757 843 2792 men·
887 2740 1054 2793 cherrimus:
1073 2741 1101 2793 in
1121 2740 1254 2810 capitibus
1271 2757 1388 2812 equorum

331 2822 385 2883 tio,
400 2821 448 2891 qui
470 2819 643 2873 Athenienses
666 2818 709 2871 ait·
725 2818 844 2872 Antonio
886 2820 1000 2891 singulis
1013 2821 1124 2893 palmas:
1144 2832 1171 2872 et
1186 2820 1271 2891 ligura
1286 2818 1389 2873 insidens

333 2898 452 2953 adulatos
470 2898 569 2969 dixisse
589 2898 659 2951 selle
677 2916 706 2951 se
727 2897 845 2970 drapon·
867 2900 997 2963 'currui,
1021 2898 1112 2953 dextra
1134 2898 1249 2971 flagrum
1276 2912 1320 2953 aut
1341 2916 1389 2952 soe·

331 2978 395 3033 dere
406 2980 431 3034 ei
442 2980 591 3033 Minervam
607 2996 680 3031 susm
692 2978 841 3032 Musicani:
886 2991 978 3051 ptrnm
995 2980 1101 3050 potius,
1115 2979 1221 3033 sinistra
1232 2980 1346 3050 palmam
1359 2991 1388 3031 te

331 3061 429 3131 quibus
444 3059 490 3113 ille
504 3057 670 3130 respondisse
688 3059 783 3122 fertur,
794 3056 844 3111 du·
887 3072 941 3112 net.
960 3084 971 3107 ι
989 3059 1143 3132 Epigrapbe
1158 3059 1271 3123 eadem,
1285 3076 1388 3112 amaa·
1410 3099 1420 3137 ,ι

331 3153 438 3193 caurum
458 3159 486 3195 se
503 3137 631 3210 quidem,
649 3136 694 3190 sed
709 3135 779 3191 (lotis
795 3156 843 3191 no·
887 3155 964 3191 rosa.
988 3138 1068 3195 Hune
1089 3138 1141 3192 sibi
1162 3139 1248 3192 risum
1268 3140 1345 3193 luisse
1359 3137 1388 3188 l).

331 3220 404 3273 mine
414 3220 544 3291 imperare
555 3236 583 3272 se
591 3218 644 3273 illis
652 3218 750 3271 talenta
761 3217 843 3272 mille.
886 3216 1061 3273 blessabarba
1078 3231 1202 3283 testatur,
1215 3236 1276 3290 pag.
1289 3218 1387 3282 alima

332 3299 423 3353 Hsan.
886 3297 981 3353 Museo
990 3297 1197 3369 locupletissimo
1206 3298 1324 3351 nummis
1333 3296 1388 3351 anti·

373 3398 421 3435 aa.
431 3380 464 3432 In
479 3378 602 3449 Gorgone.
618 3378 730 3450 Gorgon
748 3376 843 3430 bludu-
885 3378 945 3448 quis
955 3380 987 3432 D.
999 3378 1110 3433 Caesaris
1119 3376 1282 3449 leompsrdi
1293 3374 1387 3431 Pan-icil

330 3479 367 3514 sm
383 3460 507 3531 frequens
527 3459 647 3513 occurrit
670 3458 700 3511 in
724 3458 842 3511 nummis
884 3457 1038 3511 Ausimani.
1050 3457 1243 3529 Spanhemius.
1259 3476 1320 3529 pag.
1331 3456 1388 3518 636,

330 3554 357 3594 et
371 3541 400 3593 in
413 3538 531 3611 gemmis.
545 3539 629 3591 Bsor.
884 3537 1388 3592 visumsihiaithntoninil’iinummum

373 3618 418 3673 23.
441 3619 499 3671 leem
517 3622 618 3690 equitem
639 3617 768 3671 Simorum
794 3617 841 3670 Di·
886 3614 1058 3689 inscriptum,
1074 3634 1267 3672 innarenn:
1281 3615 1389 3671 sedocu-

324 3719 413 3773 *gnum
425 3710 521 3752 notatu
536 3698 643 3752 interim
658 3696 688 3750 id
700 3709 754 3761 est,
768 3694 842 3768 quod
885 3697 918 3751 lis
939 3697 1092 3751 fallentibus
1111 3716 1163 3768 pro
1177 3714 1337 3751 musena
1352 3695 1386 3751 11.

329 3798 455 3833 nummus
475 3776 554 3831 docet
568 3778 602 3830 ab
621 3778 729 3831 Oocone
747 3776 841 3831 allatus
884 3788 916 3831 ut
926 3778 954 3831 in
966 3794 1073 3831 aureoe
1086 3776 1157 3831 Gaas
1168 3778 1253 3848 regia,
1261 3790 1288 3830 et
1299 3776 1357 3830 alibi
1365 3774 1388 3826 iu

329 3863 440 3931 p.198‚
455 3856 571 3911 necdum
582 3875 743 3930 equoquam
756 3857 841 3929 expli·
885 3875 938 3912 sere
954 3876 1062 3929 magno.
1086 3888 1121 3903 -
1135 3856 1266 3911 Simonem.
1281 3859 1315 3911 In
1324 3854 1388 3909 libris

330 3952 407 3993 ratus
421 3958 428 3992 ε
441 3956 508 3991 nivo
518 3956 640 3991 rasiano
655 3955 716 3990 avo.
734 3926 776 4005 '')(
795 3954 842 3990 aas·
884 3937 1010 3991 omnihus
1029 3935 1064 3990 ad
1085 3938 1158 3991 hunc
1177 3935 1250 3993 diem
1272 3934 1386 4007 vulgatis·

329 4018 527 4073 snaroerir
537 4017 626 4071 tunica
639 4017 715 4071 brevi
726 4018 840 4071 amictus
884 4018 1029 4072 Sameram.
1037 4018 1069 4071 In
1078 4018 1142 4088 lleg.
1151 4014 1211 4071 eod.
1222 4015 1386 4083 adem

220 4123 222 4126 ·
328 4100 458 4154 statiuter
468 4116 553 4171 equos
566 4096 652 4163 duos,
665 4114 734 4169 quos
747 4096 840 4152 dextra
885 4098 963 4153 Colb.
978 4096 1136 4166 &Semnum
1150 4096 1206 4151 Nos
1217 4097 1388 4153 interimenm
