2950 5000
410 475 563 544 nisan
589 475 774 546 xxxvl.
991 494 995 502 ·
1056 475 1128 575 459

86 602 170 670 navit
182 625 277 696 eques
292 605 464 674 Romanus
480 607 600 677 iunius
618 605 816 692 Pisciculus,
833 619 869 676 ut
887 606 988 678 tradit
996 609 1124 681 Varro:

85 705 242 777 admiratur
260 724 294 780 et
306 709 464 782 Pasiteles
471 697 509 798 ⁵⁷,
525 713 629 806 quiet
645 715 793 808 quinque
808 711 977 784 volumina
997 718 1129 811 scripsit

84 812 219 884 nobilium
232 840 373 910 operum
386 819 421 886 in
430 831 503 888 toto
516 818 607 888 orbe.
618 821 726 890 Natus
737 819 794 888 hic
807 819 841 886 in
853 805 1009 890 Graecia⁵⁸
1023 820 1128 894 ltaliae

83 941 142 1002 ora,
156 935 187 989 et
203 923 334 992 civitate
353 947 493 992 romana
509 924 652 996 donatus
670 951 749 996 cum
766 927 806 996 iis
825 911 997 1020 oppidis⁵⁹,
1009 929 1128 998 lovem

84 1022 147 1091 lacit
168 1014 359 1098 eboreum&
377 1030 413 1098 iu
432 1029 559 1100 Metelli
580 1016 692 1115 aeds⁶¹,
715 1055 782 1125 qua
801 1017 970 1125 campus⁶²
993 1037 1127 1126 petitur.

82 1130 190 1201 Accidit
202 1133 245 1218 ei,
259 1159 365 1228 quum
379 1137 414 1204 in
428 1122 646 1224 navalibus⁶³‚
664 1137 722 1206 ubi
742 1137 820 1206 lenae
838 1135 1002 1208 Africana
1015 1155 1129 1228 erant,

80 1258 264 1327 pucaream
276 1242 411 1312 intuens
423 1239 552 1312 leonem
570 1242 721 1332 caelaret,
742 1257 781 1312 ut
797 1267 839 1312 ex
856 1242 919 1312 alia
933 1269 1034 1314 cavea
1047 1271 1127 1342 pan-

81 1339 158 1412 thera
170 1361 377 1441 erumperet,
391 1373 459 1418 uon
477 1345 541 1418 levi
558 1347 706 1445 periculo
725 1347 965 1443 diligentissimi
980 1352 1128 1422 artificis.

81 1447 186 1520 Fecisse
205 1475 307 1548 opera
327 1452 503 1549 complura
519 1455 664 1526 dicitur:
687 1454 745 1526 sed
765 1480 839 1548 quae
857 1457 993 1543 lecerit,
1022 1460 1129 1528 nomi·

83 1554 166 1623 uatim
184 1581 251 1626 nou
272 1559 429 1630 refemur.

120 1651 346 1734 Arcesilaum*³⁴
363 1691 496 1762 quoque
514 1667 707 1762 magnificat
725 1669 852 1752 Varro,
873 1667 967 1761 cujus
989 1692 1024 1737 se
1046 1693 1131 1739 mar·
1151 1707 1183 1757 ²7

82 1787 206 1838 moneam
224 1771 381 1844 habuisse
394 1772 530 1842 leaenam
546 1773 658 1858 tradit,
671 1772 877 1869 aligerosque
886 1771 1038 1843 ludentes
1052 1799 1129 1846 cum

80 1873 305 1969 uCupidinas,
324 1903 468 1972 quorum
479 1878 534 1948 alii
545 1879 717 1974 religatam
733 1893 887 1950 tenerent
898 1931 908 1967 ,
920 1879 974 1948 alii
990 1906 1008 1949 e
1025 1905 1130 1950 cornu

80 1996 213 2070 angerent
225 1982 361 2069 bibere,
375 1982 430 2053 alii
446 1984 633 2055 calcearent
648 1985 773 2071 soccis,
791 2010 908 2055 omnes
928 2011 970 2055 ex
991 2011 1060 2057 uuo
1081 1987 1128 2055 la·
1175 2031 1178 2042 a

79 2082 147 2171 pide.
165 2087 257 2158 laam
279 2104 316 2159 et
337 2114 357 2158 a
378 2093 533 2186 Coponio
554 2115 613 2162 xrv
634 2077 828 2176 nationes⁶⁵,
847 2115 922 2185 quaa
943 2107 1021 2162 sunt
1043 2095 1130 2163 eirca

79 2186 220 2286 Pompeii,
235 2195 343 2266 factas
358 2211 476 2267 auctor
495 2212 554 2268 est

109 2368 150 2438 ⁵7·
160 2374 286 2430 Pasiteles.
295 2377 388 2442 Quem
402 2376 474 2430 idam
485 2378 573 2431 Varro
658 2380 706 2432 ⁶2.
716 2377 774 2445 Qua
783 2393 888 2446 campus.
900 2373 1022 2430 Martius.
1037 2377 1130 2431 Horu.

78 2451 179 2516 ‘turrim
185 2475 293 2528 quoqne
300 2452 392 2511 laudat
400 2456 448 2512 lib.
456 2456 572 2524 XXXV,
656 2456 704 2511 63.
718 2457 799 2525 Quum
813 2459 838 2508 iu
850 2454 984 2511 naualibus.
1007 2457 1130 2511 Intentio

77 2532 413 2606 “tt-tiltgimuadeeoin
423 2539 572 2593 laetorum
616 2534 718 2589 decima
739 2535 822 2589 Urbis
840 2536 950 2607 regione
967 2534 1001 2589 ad
1020 2538 1132 2590 Aventi-

77 2602 160 2665 Μία.
172 2612 262 2669 flatu.
283 2670 287 2675 ,
616 2634 682 2669 uum
693 2627 721 2669 et
729 2616 816 2687 prima
825 2614 909 2668 Urbis
918 2616 1015 2669 munia
1023 2654 1031 2681 ,
1039 2617 1136 2670 navale

110 2688 150 2744 58.
162 2694 244 2747 Natus
265 2696 309 2748 laia
326 2698 353 2747 ta
373 2696 475 2751 Gracia
489 2698 573 2751 lut·
615 2696 682 2760 suita
699 2696 729 2747 τὸ
743 2695 857 2767 νεώριον,
878 2694 1025 2747 Plutarcho
1036 2696 1064 2747 iu
1080 2698 1131 2749 Ca-

42 2763 43 2773 *
77 2770 157 2825 mla
171 2773 268 2845 Magna
284 2775 573 2847 Groeaia‚quaaltalio
616 2773 1132 2847 toneminoredaiviua,lib.111‚pag.

76 2860 126 2917 Ὦ,
138 2852 283 2907 radiatum
298 2867 353 2919 eat,
372 2856 422 2909 lib.
441 2856 498 2923 111,
512 2874 570 2927 cap.
617 2854 651 2908 51
665 2854 733 2907 :·L.
745 2853 889 2919 Quinctius
906 2854 1132 2921 transtiberim,

78 2930 114 2984 15.
124 2926 210 2985 fluo.
615 2947 707 2987 eontra
716 2933 874 3005 euruipsum
884 2933 1047 2997 locum,ubi
1058 2952 1132 2989 nunc

107 3014 148 3079 59.
160 3012 220 3065 Cau
231 3016 263 3067 iia
274 3013 378 3085 oppauu.
392 3015 461 3080 Quae
471 3014 573 3069 seilicet
615 3013 718 3066 navalia
734 3025 813 3077 sunt,
827 3012 932 3066 colebat
942 3031 1048 3082 agrum,
1058 3026 1128 3066 ato..

75 3087 572 3167 HagnaGranciacontiuenturzquibns
657 3097 705 3155 64.
737 3094 897 3145 Arcesilaum.
922 3092 1028 3145 Plasten
1054 3092 1130 3145 illum

75 3167 189 3223 airiaaam
206 3174 262 3244 jam
286 3186 345 3226 tum
366 3174 496 3227 Varronis
515 3192 572 3229 nvo
615 3172 757 3236 videlieet,
770 3188 849 3244 φιεω
865 3169 936 3223 idem
951 3172 1041 3224 Varro
1052 3190 1132 3245 rupe·

75 3244 180 3303 &amau
196 3252 296 3305 innuit.
309 3252 452 3305 Hanu.-
467 3253 529 3306 Cunr
541 3257 573 3306 r'a'a
616 3254 672 3306 rius
681 3250 817 3314 laudavit,
827 3250 875 3305 liu.
883 3252 999 3312 XXXV,
1009 3270 1069 3323 cap.
1083 3252 1130 3315 45.

75 3329 162 3396 vair.
174 3332 236 3385 Vct.
252 3330 327 3403 apud
344 3332 433 3386 Dalaa.
452 3352 506 3386 cara
521 3338 573 3385 suu
656 3332 704 3387 65.
715 3332 790 3383 XIV
799 3335 915 3383 nationes.
928 3330 1055 3385 Gentium
1068 3331 1130 3385 ima·

75 3409 193 3476 ῼρίἅιὺ.
208 3412 265 3465 Ru.
615 3411 690 3483 ginea
713 3423 741 3463 et
762 3410 905 3463 simulacra
929 3410 1072 3481 intelligit,
1096 3410 1130 3465 de

107 3488 426 3558 ieiunasseitaimum.
438 3491 483 3545 sic
492 3491 571 3545 MSS.
616 3491 714 3563 quihus
727 3489 870 3545 Suetonius
881 3490 909 3541 in
923 3488 1057 3555 Claudio,
1070 3509 1129 3563 cap.

74 3582 228 3633 memnon
240 3570 380 3625 eburnam
391 3571 503 3624 Plautus
515 3572 573 3624 ebu-
617 3587 701 3623 un:
716 3572 761 3621 «A
785 3568 932 3623 simulacris
955 3570 1075 3640 gentium
1097 3570 1132 3624 ad

74 3646 302 3714 'tudinium
312 3649 404 3703 semel.
418 3652 510 3704 Haau.
618 3648 741 3720 Pompeii
769 3649 900 3702 theatrum
928 3646 1132 3715 dedicatarum,

104 3729 147 3779 61.
167 3729 197 3781 la
215 3728 314 3781 Meum
325 3729 388 3783 ade.
403 3730 572 3784 Maoedouici
615 3741 691 3782 etan
715 3730 748 3781 Iu
763 3729 872 3799 regione
889 3727 974 3781 Urbis
994 3748 1075 3781 nona.
1091 3730 1132 3781 De

73 3802 202 3869 ultumum,
226 3833 239 3859 ι
250 3809 303 3880 qui
325 3811 433 3881 primus
450 3810 572 3863 oxnnium
615 3809 657 3862 laia
671 3822 698 3861 et
706 3807 815 3861 Servius
828 3808 898 3879 egit,
909 3806 993 3860 loooa
1004 3809 1082 3861 nobis
1091 3826 1132 3860 su-

74 3880 153 3938 llum
161 3886 246 3941 odem
260 3906 295 3941 ex
305 3906 439 3943 marmore
449 3890 572 3955 molitus,
614 3888 706 3959 parim
713 3884 833 3941 laudato.
842 3886 877 3939 ll.
885 3916 924 3927 -
932 3886 1006 3939 Circa
1012 3886 1130 3957 Pompeii.

73 3963 573 4040 vdupffiammettuxariuprin·
615 3970 648 4021 In
662 3966 741 4020 MSS.
764 3968 845 4038 Regg.
866 3978 893 4019 et
914 3963 979 4020 edit.
995 3966 1132 4039 principe,

74 4058 126 4111 ῡφι
136 4046 201 4109 init,
211 4072 224 4094 ι
238 4048 329 4119 iuquit
338 4048 473 4114 Velleius,
484 4050 533 4104 lib.
546 4052 570 4113 1,
616 4051 682 4099 eirca
696 4048 843 4117 Pompeium.
858 4046 930 4099 Brut.
946 4062 977 4097 ex
989 4046 1132 4111 Suetonio,

74 4136 124 4191 up.
135 4143 175 4178 ιι.
188 4126 281 4181 llam.
617 4130 682 4179 circa
696 4127 806 4197 Pnrqrar'i
816 4127 942 4179 tlraatrurr.
957 4126 1010 4181 En.
