2950 5000
326 424 392 497 ssd
590 433 629 501 C.
657 432 823 503 PLlNll
847 434 953 505 NAT.
977 433 1102 502 HIST.

321 586 444 660 magna
465 564 563 633 lama
586 566 665 635 Post
684 570 748 637 hos
766 566 950 637 celebratus
964 581 1015 637 est
1030 550 1194 637 Calamis⁵
1210 580 1244 637 et
1260 568 1386 664 Antipa-

321 683 396 739 ter:
417 673 541 765 quique
558 673 714 766 Satyrum
736 675 773 741 in
791 672 903 770 phiala
923 687 1098 769 gravatum
1118 698 1238 742 somno
1256 673 1387 745 colloca·

321 776 409 847 visse
427 778 553 864 verius,
577 802 677 872 quam
699 778 831 851 caelasse
848 780 957 850 dictus
974 793 1041 867 est,
1062 780 1281 851 Stratonicus.
1312 783 1387 851 Mox

321 884 506 976 Cyzicenus
520 870 727 956 Tauriscus⁶.
743 888 828 957 Item
850 887 984 957 Ariston
1002 900 1035 955 et
1052 885 1201 955 Eunicus
1215 885 1388 981 Mitylenaei

321 985 513 1075 laudantur,
532 1004 568 1059 et
584 994 759 1063 Hecataeus
778 1018 785 1061 :
803 1008 837 1063 et
852 995 940 1063 circa
956 994 1073 1089 Magni
1094 993 1243 1087 Pompeii
1262 1007 1388 1063 atatem

318 1093 500 1165 Praxiteles
508 1096 534 1182 ⁷,
548 1096 745 1169 Posidonius
759 1095 944 1197 Ephesius,
967 1084 1107 1169 Laedus⁸
1124 1100 1316 1187 Stratiates,
1337 1100 1390 1195 qui

322 1199 436 1297 praelia
453 1216 664 1299 armatosque
682 1204 835 1277 caelavit:
857 1210 1025 1301 Zopyrus,
1036 1206 1092 1299 qui
1108 1206 1389 1300 Areopagitas,et

318 1306 481 1400 judicium
499 1311 645 1397 Orestis,
667 1312 701 1380 in
719 1312 852 1383 duobus
873 1312 1006 1408 scyphis
1020 1313 1097 1381 tts.
1120 1335 1174 1381 x11
1193 1310 1388 1381 aestimatis⁹.

288 1416 304 1472 3
322 1415 397 1483 Fuit
410 1413 487 1483 dein
496 1416 656 1510 Pytheas,
665 1418 760 1512 cujus
769 1420 855 1491 binae
866 1422 971 1490 unciae
983 1444 1017 1489 x.
1026 1416 1248 1489 vaenierunt¹⁰.
1260 1417 1388 1513 Ulyssos

322 1641 448 1707 metello,
459 1641 570 1697 Glorior
583 1656 640 1698 erte
654 1644 737 1716 magis
748 1666 757 1701 s
770 1664 833 1701 nam
880 1662 926 1699 seu
946 1642 1058 1698 trecenti
1076 1642 1205 1715 Philippi.
1225 1642 1288 1697 Hoc
1302 1656 1329 1697 et
1341 1662 1390 1696 ms·

321 1721 400 1793 Myos
414 1722 463 1775 iste
477 1722 563 1777 labor.
576 1750 587 1771 ι
602 1725 693 1777 Hssn.
880 1725 967 1783 teria,
981 1737 1007 1777 et
1022 1741 1116 1776 manus
1131 1723 1264 1795 pretium
1280 1722 1326 1777 sed
1340 1742 1388 1776 ma·

364 1802 391 1857 5.
408 1800 525 1856 Calamis.
536 1803 662 1857 Dicemus
670 1802 705 1856 de
718 1822 751 1857 eo
765 1803 835 1858 infe·
881 1804 954 1859 terias
971 1820 1034 1857 non·
1048 1820 1171 1873 magnum
1188 1802 1298 1873 pondus
1317 1804 1390 1857 fuine

319 1881 390 1947 rius,
403 1894 430 1935 et
442 1880 477 1935 de
492 1882 654 1938 stratonico.
667 1885 759 1937 lisso.
879 1886 908 1937 in
921 1884 1029 1956 scyphis
1049 1883 1111 1936 satis
1132 1882 1227 1953 liquet.
1247 1883 1340 1937 Gnosi.
1354 1914 1390 1925 -

363 1966 389 2016 6.
426 1962 488 2014 Mos
525 1964 659 2035 Cyzicenus
695 1965 833 2019 Tauriscus.
879 1962 948 2017 H·S.
974 1964 1042 2017 XII.
1064 1963 1106 2015 Ita
1123 1962 1189 2033 Reg.
1215 1981 1248 2027 s,
1279 1962 1389 2033 librique

321 2041 448 2095 Meminit
477 2042 559 2115 hujus
591 2045 688 2097 iterum
717 2042 835 2109 Plinius,
878 2042 953 2097 editi.
971 2042 1107 2097 Ciscconii
1128 2043 1296 2113 conjecturas
1321 2042 1389 2095 nulls

322 2122 458 2187 xxxvl,
473 2129 507 2189 4,
524 2124 570 2176 ubi
587 2122 751 2177 sTrallisno
764 2142 835 2177 mar·
879 2122 1012 2193 probabili
1038 2134 1195 2193 argumento
1218 2121 1312 2187 nixas,
1342 2122 1388 2175 hoc

321 2218 428 2254 morum
441 2204 562 2255 caletore
574 2202 710 2257 diversum
723 2221 779 2257 esse
790 2202 836 2257 sd·
878 2204 957 2268 loco,
969 2201 1006 2255 sd
1017 2202 1067 2256 slis
1081 2219 1244 2273 properans,
1262 2220 1320 2255 non
1333 2220 1386 2255 mo·

321 2292 423 2335 monet.
433 2282 525 2335 lisso.
877 2300 933 2335 ror.
958 2282 992 2337 tt.
1016 2311 1058 2323 -
1078 2280 1148 2335 tt-S.
1174 2281 1235 2333 XII
1258 2284 1388 2335 munstu-

363 2379 390 2431 7.
415 2360 560 2416 Praxiteles.
581 2364 774 2435 Argenterius,
800 2359 834 2415 de
878 2360 1032 2415 Duodecim
1053 2360 1193 2424 sestertiis,
1216 2361 1319 2432 gallicas
1337 2379 1389 2415 mo·

220 2506 225 2515 ῃ
322 2458 376 2512 qno
393 2440 489 2495 Cicero
509 2440 544 2495 de
559 2443 652 2497 Divin.
672 2445 704 2504 1,
722 2460 752 2514 p.
769 2444 834 2511 189.
878 2454 948 2495 nete
962 2440 1038 2495 libris
1054 2440 1215 2505 o,334.Eo.

321 2511 471 2575 Diversusa
485 2523 610 2577 statuario
624 2525 720 2591 altero,
732 2521 766 2576 de
779 2541 833 2593 quo
921 2543 962 2576 ro.
985 2521 1060 2591 Cujus
1075 2522 1139 2574 biera
1158 2524 1237 2572 uscioe
1253 2521 1293 2576 X.
1305 2524 1388 2576 mie·

321 2599 452 2666 xxxtv,
478 2603 526 2675 qui
552 2602 627 2657 CCC
650 2604 734 2658 tame
757 2603 834 2656 annis
877 2601 1271 2666 runs.1uttss.0mnes,n0n
1287 2604 1387 2672 uiginti,

211 2719 215 2726 .
321 2680 393 2733 hunc
402 2682 548 2736 antecessit.
560 2683 653 2736 Hssn.
877 2693 908 2734 nt
919 2679 998 2746 editi,
1014 2681 1067 2734 hoc
1079 2679 1237 2739 est.deoem
1249 2681 1388 2746 sestertiis,

363 2760 566 2833 8.Loedus.lieg.
580 2761 832 2824 attaminata.
876 2761 919 2814 rel
948 2759 1041 2814 decem
1067 2761 1218 2816 sestertium
1247 2761 1385 2815 millibus:

320 2839 366 2892 An
380 2839 663 2896 laostmtidess’llsnn.
877 2859 948 2911 qnte.
961 2841 1063 2912 gsllicae
1089 2853 1203 2894 monete
1226 2841 1312 2896 libras
1334 2841 1388 2894 ett-

362 2937 389 2988 9.
410 2921 441 2971 Is
460 2921 552 2973 dnobus
571 2923 668 2993 seypisis
683 2919 752 2974 tt-s.
775 2921 834 2974 XII
877 2919 953 2974 ciunt
975 2921 1086 2974 omnino
1109 2920 1203 2974 mille:
1223 2924 1343 2992 majore,
1361 2932 1387 2973 ut

320 3002 453 3054 oestimstis.
477 3001 534 3070 Ego
555 3001 718 3074 interpretor
742 3013 833 3054 sester-
876 3013 1001 3072 apparet,
1018 3000 1122 3071 pretio,
1145 3018 1229 3071 quem
1242 3001 1403 3073 superiores'

320 3079 388 3131 tium
401 3077 553 3145 duodecies,
564 3078 592 3133 id
602 3095 655 3146 est,
667 3100 747 3135 censu
758 3099 833 3134 sens·
876 3079 980 3152 scyphi.
994 3080 1085 3134 Hanc.
1098 3111 1137 3122 --
1146 3078 1223 3149 Cujus
1237 3079 1303 3133 bime
1316 3082 1386 3132 uscia

320 3159 400 3222 torio,
414 3160 451 3213 sit
465 3159 590 3214 Budreus.
604 3163 639 3213 At
654 3161 831 3214 ciacconius:
876 3161 916 3214 Χ.
928 3163 1071 3212 νωηὲεωηι.
1084 3160 1159 3213 Brot.
1173 3177 1204 3212 ex
1218 3161 1298 3215 MSS.
1311 3161 1385 3230 liegg.

319 3257 379 3309 quet
388 3253 458 3294 notu
470 3239 490 3292 si
503 3241 627 3294 &odecies
640 3244 773 3293 sestertium
787 3239 833 3293 de·
879 3237 893 3292 s'
909 3252 936 3293 et
953 3240 985 3304 3,
1005 3265 1016 3287 ι
1032 3241 1107 3311 cujus
1121 3238 1182 3292 duae
1197 3241 1302 3305 uncie,
1314 3252 1382 3292 etc.-

319 3318 437 3390 signent,
465 3321 573 3392 triginta
587 3333 733 3374 scutatorum
748 3320 833 3376 millia
875 3319 908 3372 Iu
918 3319 1056 3373 MS.Voss.
1068 3332 1094 3372 et
1102 3317 1145 3374 ed.
1156 3319 1296 3392 principe,
1309 3345 1320 3366 ι
1331 3315 1385 3371 due

319 3397 482 3452 conficiunt:
508 3401 530 3454 si
553 3419 632 3467 vero,
653 3401 779 3471 quoniam
798 3399 833 3455 de
876 3398 962 3452 uncis
976 3399 1191 3452 sursumsunt.-
1206 3395 1385 3454 Sestertiade·

319 3477 421 3531 Grecis
440 3479 479 3531 ibi
499 3499 586 3533 sermo
607 3494 660 3546 est,
677 3480 780 3544 AXII,
802 3479 832 3534 id
876 3497 933 3532 cem
963 3491 1024 3532 sunt
1049 3478 1150 3550 gallicu
1176 3493 1292 3534 moneta
1316 3479 1385 3532 libre

318 3570 373 3622 est,
390 3559 487 3610 talentis
497 3561 621 3613 dsmdecim
629 3572 668 3613 est
678 3558 831 3631 legendum,
881 3557 964 3627 ¹9⁴⁵·
978 3559 1049 3612 Duos
1065 3572 1153 3612 sutem
1169 3558 1261 3612 uncias
1273 3558 1385 3627 intellige

317 3641 407 3690 scutati
419 3650 476 3690 sust
487 3659 580 3710 7‚soo.
593 3639 734 3693 Salmasius
748 3642 831 3694 corri-
874 3637 952 3710 pedis
966 3637 1072 3692 romani
1086 3638 1177 3692 uncias
1188 3636 1274 3703 duas,
1291 3638 1347 3702 rel,
1358 3645 1385 3689 ut

318 3719 374 3790 git,
394 3744 405 3766 ι
420 3720 544 3773 sestertiis
557 3721 693 3792 quinque,
706 3721 759 3772 hoc
777 3734 831 3786 est,
875 3719 958 3790 vulgo
984 3718 1137 3790 loquimur,
1176 3715 1246 3772 duos
1271 3718 1384 3791 pollices·

317 3797 410 3870 pondo
424 3799 649 3853 manumetis.»
665 3799 747 3864 Quod
755 3799 831 3871 equi·
875 3797 980 3870 Nempe
1003 3795 1133 3852 diameter
1156 3799 1322 3852 emblematis
1338 3794 1386 3849 tuit

317 3879 379 3932 dem
387 3881 470 3934 miror
477 3881 657 3945 vehementer,
663 3897 747 3952 quum
754 3897 832 3950 pror·
874 3873 989 3932 duarum
1003 3877 1153 3930 unciarum.
1166 3878 1277 3948 Ulysses
1286 3892 1313 3932 et
1324 3876 1384 3930 Dio-

284 4017 291 4030 ·
317 3958 831 4017 snsabhorrestsconsuetudiuelstine
875 3956 966 4012 medes
981 3955 1131 4010 Palladium
1147 3958 1382 4028 subripientessss·

316 4040 494 4112 loquentium.
512 4039 714 4112 simplicissime
731 4038 830 4092 intelli·
874 4055 1023 4108 penumero
1032 4050 1177 4090 occurrunt
1186 4037 1214 4090 in
1224 4037 1336 4108 gemmis
1344 4053 1384 4088 sn·

209 4136 210 4139 ’
316 4118 401 4192 genda
412 4117 555 4175 duodecim
574 4120 657 4174 millia
671 4137 829 4184 nummum,
875 4118 966 4188 tiquis.
975 4117 1014 4172 Ex
1024 4118 1101 4172 Brot.
1111 4129 1179 4172 nott.
1189 4115 1225 4171 sd
1236 4117 1264 4170 h.
1273 4118 1291 4172 l.
1307 4117 1357 4170 Eo.
