2950 5000
301 438 350 528 64
577 446 614 512 c.
642 444 1101 516 ru1u11usr.n1sr.

301 593 339 648 ut
365 579 399 646 in
424 565 537 671 'Pago‘
570 579 755 673 Hispaniae,
790 578 880 648 Pedo
908 576 1030 664 ltsliae,
1058 577 1174 647 Hebro
1202 578 1371 666 Thracio,

252 743 254 746 .
300 682 435 754 Pactolo
454 685 557 768 Asiae,
575 686 692 779 Gange
713 684 827 754 Indiae.
842 687 914 754 Nee
929 681 1033 753 ullum
1051 683 1234 752 absolutius
1252 692 1371 754 susurri

267 844 283 878 ,
301 805 368 876 est,
389 805 426 859 ut
448 814 547 860 eursu
563 777 653 884 ipso⁵
673 793 818 884 trituque
839 789 1051 886 perpolitum.
1069 774 1166 859 ΑΙίο6
1189 790 1291 859 inodo
1309 816 1372 886 pu·

300 912 431 966 teorum
451 896 624 966 scrobibus
642 896 813 982 effoditur,
830 899 936 966 autin
955 899 1051 966 ruina
1067 897 1243 966 montium.
1258 899 1373 985 Quare

302 1019 442 1097 utraque
467 1003 550 1072 ratio
571 1002 708 1072 dicetur.
733 1005 860 1072 Aurum
887 1004 943 1097 qui
970 1017 1140 1098 querunt,
1162 1017 1241 1071 ante
1261 1004 1375 1072 omnia

302 1108 482 1205 segullum⁷
505 1107 627 1178 tollunt
642 1124 649 1166 :
666 1111 710 1178 ita
731 1124 872 1180 vocatur
890 1109 1060 1180 indicium.
1081 1107 1205 1178 Alvetts
1226 1109 1283 1178 hic
1302 1123 1372 1178 est:

303 1239 476 1310 arenaeque
493 1213 657 1302 lavantur,
675 1229 776 1310 atque
794 1241 834 1285 ex
853 1241 894 1286 eo
915 1215 1006 1311 quod
1024 1213 1162 1297 resedit,
1182 1215 1376 1308 conjectura

305 1324 444 1418 cupitur.
467 1323 643 1392 Invenitur
663 1319 841 1414 aliquando
858 1324 895 1391 in
915 1347 1045 1392 summa
1063 1319 1181 1390 tellure
1203 1324 1376 1415 protinus,

305 1454 379 1499 rara
391 1427 548 1498 felicitate
564 1453 571 1495 t
587 1442 625 1497 ut
641 1414 768 1522 nuper⁸
785 1428 818 1499 iu
832 1427 1002 1498 Dalmatia
1019 1429 1206 1522 principatu
1221 1427 1377 1514 Neronis,

303 1533 448 1631 singulis
460 1533 577 1604 diebus
599 1536 699 1604 etiam
716 1535 964 1630 quinquegenus
977 1533 1080 1603 libras
1098 1533 1252 1603 fundens.
1265 1537 1377 1604 Gum-

307 1749 318 1772 ι
330 1736 376 1776 sut
382 1719 455 1793 apud
462 1719 573 1791 Scythes
581 1717 670 1790 grypis
679 1729 813 1769 erutuma
861 1719 943 1770 latere
951 1735 1046 1768 aurum
1055 1713 1162 1769 iudicet.
1174 1703 1379 1788 H.-'Hirpanis

304 1803 420 1856 Videtur
439 1819 529 1872 grypes
544 1797 654 1862 dixisse,
677 1794 751 1867 quod
773 1795 818 1849 ulii
861 1795 950 1850 sdlsuc
962 1809 1001 1848 est
1012 1795 1123 1864 uguitio.
1137 1795 1188 1847 En.

303 1884 421 1955 gryphes,
435 1880 522 1934 Grteui
534 1880 639 1949 γρῦπας.
657 1877 713 1928 Nec
723 1873 819 1929 dubito
903 1877 931 1928 8.
944 1875 980 1927 Ut
992 1893 1076 1946 nuper.
1093 1875 1128 1926 Et
1143 1872 1208 1926 iude
1222 1874 1312 1928 simile
1323 1875 1379 1929 veri

305 1965 369 2037 quin
384 1975 410 2014 et
427 1961 465 2014 sic
476 1957 610 2029 scripserit
625 1957 671 2008 lib.
687 1957 759 2020 VII,
777 1975 797 2020 s,
811 1976 818 2008 ι
863 1967 903 2008 cst
913 1955 978 2007 olim
990 1972 1045 2008 esse
1056 1955 1168 2006 Romam
1179 1952 1379 2020 transductum,

309 2039 492 2096 rProduntur
506 2037 652 2106 Arimaspi,
671 2053 737 2107 quos
751 2033 821 2087 dixi·
864 2031 999 2106 quidquid
1015 2034 1072 2086 curi
1092 2033 1223 2103 signatum
1243 2033 1271 2086 in
1289 2053 1380 2087 moue·

307 2142 382 2186 mus,
400 2137 453 2172 uno
475 2119 554 2171 oculo
575 2117 602 2168 in
624 2117 712 2168 l'ronte
732 2111 821 2166 medin
863 2115 898 2166 tis
924 2115 983 2167 l'uit.
1005 2111 1077 2165 Vide
1100 2113 1227 2166 Gotholr.
1254 2113 1284 2165 in
1311 2112 1379 2168 Cud.

306 2205 435 2274 insigues.
465 2198 563 2269 quibus
586 2193 690 2248 assidue
719 2193 821 2246 bellum
864 2193 916 2247 Th.
930 2191 1379 2265 X‚t.13,demetcllis,p.492.

307 2301 363 2338 erse
385 2279 456 2333 circs
481 2275 585 2330 metella
606 2293 667 2327 cum
690 2273 792 2344 grypis.
806 2297 817 2319 ι
865 2273 922 2326 Nec
936 2273 1048 2326 minima
1064 2291 1126 2344 pars
1137 2273 1246 2326 accessit
1258 2291 1274 2325 e
1288 2272 1382 2344 prode

307 2363 368 2417 Lib.
383 2360 424 2422 X,
441 2365 496 2426 49:
513 2382 523 2403 ι
541 2357 653 2425 Pegasos
666 2354 766 2424 equino
779 2370 823 2405 cs·
865 2349 1241 2423 Macedonica,similibusque
1252 2353 1381 2406 victoriis.

239 2441 240 2446 ’
308 2443 364 2515 pite
385 2439 506 2491 volucres
528 2448 554 2488 et
570 2453 677 2506 grypes.
696 2458 707 2479 ι
729 2431 822 2485 Gneus.
866 2429 1040 2486 Cassiodorus
1053 2432 1080 2484 in
1095 2431 1233 2484 Chronico
1245 2432 1381 2487 scribitsls

310 2519 469 2591 ..Gryplris
478 2518 518 2570 lts
527 2515 600 2569 MSS.
615 2533 669 2567 non
680 2511 823 2584 gryphibus.
865 2530 910 2565 sn.
920 2512 955 2567 U.
965 2514 997 2565 C.
1012 2513 1078 2581 596,
1091 2512 1130 2565 Μ.
1142 2512 1253 2565 AErnilio
1267 2513 1382 2584 Lepido,

310 2603 355 2658 Sic
368 2598 469 2653 Plinius
481 2600 577 2651 iterum
591 2596 608 2646 l.
621 2612 644 2647 c.
661 2595 755 2647 Hsnn.
867 2592 899 2647 C.
914 2592 1021 2661 Popilio
1032 2592 1138 2645 unare
1149 2610 1217 2645 coss.
1236 2594 1342 2645 metalla
1353 2594 1381 2645 in

352 2688 378 2745 4.
394 2681 472 2747 Tago.
489 2676 591 2728 Plinius
610 2674 683 2745 ipse,
697 2672 748 2736 lV,
768 2689 820 2741 17:
867 2670 1028 2725 Macedonis
1036 2671 1163 2725 instituta.
1178 2671 1281 2737 Livius,
1290 2672 1381 2725 XLV:

312 2762 423 2831 «Tagus
446 2756 567 2809 auriferis
592 2754 680 2805 crenis
707 2751 826 2804 celebra·
869 2774 880 2795 ι
894 2752 996 2803 Metelli
1014 2748 1183 2804 Macedonici
1197 2751 1384 2822 iugensrecti·

310 2854 361 2894 tur.
378 2864 389 2885 ι
407 2835 487 2889 Ovid.
501 2833 535 2888 de
546 2830 719 2887 Phaethontis
732 2830 825 2883 incen·
868 2832 921 2902 gel.
933 2856 944 2877 ι
960 2830 1070 2884 EDscis
1081 2830 1203 2883 similiter
1215 2832 1384 2901 persolutum

311 2918 357 2974 dio
371 2919 479 2972 Metam.
496 2916 539 2978 11,
553 2932 578 2965 v·
597 2912 650 2965 ¹51
674 2932 681 2961 ε
703 2936 714 2958 ι
729 2908 826 2975 Quod·
869 2928 936 2962 suro
953 2924 1117 2981 urgentoque
1137 2910 1286 2974 tributum,
1309 2908 1385 2982 quod

311 3018 364 3072 que
380 3017 428 3052 suo
451 2996 541 3066 Tagus
560 3008 639 3043 smne
659 2990 746 3053 vehit,
767 2988 828 3041 fluit
869 2987 968 3042 fodinis
982 2988 1147 3053 abundaret,
1163 3002 1257 3042 auctor
1273 3002 1313 3043 est
1326 2991 1386 3044 Cn·

311 3080 418 3151 ignibus
431 3092 536 3129 surum.
548 3098 559 3119 ι
575 3072 634 3123 Jem
649 3068 758 3123 desiisse
770 3086 828 3121 sre-
869 3088 912 3121 sar
927 3069 958 3120 Β.
975 3068 1010 3122 G.
1024 3069 1066 3133 V;
1080 3069 1129 3120 etsi
1145 3066 1266 3121 nondum
1282 3071 1309 3122 in
1329 3068 1385 3122 for·

311 3178 353 3214 nse
364 3178 401 3211 ess
416 3154 551 3209 dicuntur.
567 3152 659 3203 llsnn.
869 3166 940 3200 rnsur
950 3148 1095 3218 provincie
1104 3145 1211 3200 rodaco
1220 3148 1298 3201 leret.
1306 3147 1386 3203 Adde

355 3239 380 3293 5.
400 3226 458 3290 ¹Nec
486 3232 561 3285 ullum
580 3228 713 3283 absolutius
742 3246 827 3279 surum
870 3225 1088 3281 donssociorurn
1106 3239 1386 3299 exterarumquegeu·

312 3331 363 3385 est,
374 3336 444 3369 cursu
457 3318 517 3384 ipso.
531 3311 609 3362 Voss.
619 3332 630 3352 κ
643 3320 692 3372 est,
707 3320 737 3360 ut
747 3324 828 3361 eursu
871 3309 950 3361 tiurn.
966 3304 1043 3359 Adde
1061 3304 1166 3359 rodinus
1184 3307 1349 3370 Galliarum,
1370 3326 1387 3361 e

312 3400 371 3471 ipso
382 3398 499 3465 tritoque
510 3389 707 3462 perpolitum.»
722 3386 829 3439 itabens
871 3388 990 3441 Cemeno
1014 3398 1120 3452 monte,
1143 3404 1159 3437 e
1181 3387 1331 3455 Tarbellis,
1353 3404 1386 3440 ex

256 3504 259 3510 ·
312 3492 340 3533 et
354 3474 440 3531 Acsd.
457 3474 530 3525 Men.
548 3466 744 3537 Gudianusque
765 3484 828 3536 pcr-
871 3468 984 3537 Alpibus
994 3466 1022 3519 in
1032 3466 1149 3529 Salassis,
1160 3464 1194 3518 de
1206 3466 1306 3537 quibus
1318 3468 1387 3521 Stre·

313 3557 433 3612 ticulsrn.
447 3552 485 3605 Ut
493 3562 520 3602 et
533 3548 687 3600 Pintianus:
701 3544 748 3599 sed
760 3562 828 3616 prse-
871 3548 923 3612 bo,
934 3547 976 3598 111
989 3558 1016 3599 et
1026 3548 1078 3611 IV,
1091 3558 1118 3598 et
1129 3545 1198 3599 Cod.
1210 3546 1317 3600 Tbeod.
1330 3548 1347 3600 l.
1360 3564 1387 3599 c.

314 3650 385 3692 teres
398 3636 454 3705 ejus
468 3631 536 3683 liber
550 3631 692 3697 attrituque.
706 3626 800 3679 Gsorr.
871 3627 929 3696 lege
942 3646 971 3696 9,
982 3625 1115 3689 Asturia,
1128 3624 1275 3688 Gelleein,
1285 3627 1388 3680 Lusita·

355 3721 382 3771 6.
400 3714 469 3767 Atto.
489 3706 566 3761 Putei
585 3707 661 3759 fossus
683 3717 760 3771 sunt,
779 3722 830 3776 per
872 3704 1386 3777 nieque,undecommerrioprimum,

315 3815 379 3869 ques
393 3792 425 3846 sd
436 3787 574 3844 cuniculos
583 3786 633 3839 iter
643 3797 699 3847 est,
712 3796 829 3836 mestus·
873 3803 935 3837 mox
948 3785 1012 3838 belli
1027 3787 1088 3857 jure
1104 3787 1286 3837 Romenornm
1305 3786 1387 3840 ermis

315 3894 368 3949 que
381 3875 565 3927 subterraneos
574 3866 673 3936 quibus
682 3862 716 3917 sd
729 3862 829 3917 metelli
872 3865 1003 3929 subactas,
1013 3882 1045 3918 ce
1054 3865 1148 3918 tributi
1159 3865 1268 3917 nomine
1280 3867 1342 3936 plus
1351 3866 1388 3919 vi·

315 3974 409 4013 vensrn
425 3946 589 4022 pervenitur.
603 3944 696 3999 Hssn.
872 3962 938 3999 cens
960 3944 1044 3997 mitti·
1065 3943 1157 4016 pondo
1178 3944 1290 4015 singulis
1312 3945 1388 3999 mnis

357 4054 386 4105 7.
407 4029 539 4101 segallum.
554 4026 610 4079 Nos
628 4042 740 4076 numm
754 4040 830 4077 vocs·
873 4024 1039 4095 prestitisse,
1053 4042 1117 4077 nrox
1127 4017 1255 4078 dicuntur
1265 4024 1319 4079 hoe
1327 4043 1387 4096 esp.

316 4126 485 4170 musterrsrn
501 4122 648 4175 eum,quvs
661 4104 769 4157 subesse
782 4120 831 4157 seu
875 4104 968 4159 Hsnn.
997 4117 1001 4125 ·
