2950 5000
334 335 406 422 434
602 331 641 400 C.
670 332 837 404 PLINII
861 331 972 401 NAT.
998 333 1127 402 HIST.

336 465 467 538 suerat?
483 478 615 536 tacuere
627 461 647 487 ¹¹
669 478 780 536 tantas
801 462 907 534 moles
926 465 963 534 in
980 467 1144 559 privatam
1161 465 1288 536 domurn
1303 470 1383 539 trabi

336 588 456 670 praeter
475 569 620 642 fictilia'²
641 570 782 640 deorum
799 569 942 664 fasugie.

305 713 316 746 ι
379 683 453 750 .ΙΙΙ.
471 666 558 770 (111.)
578 677 650 746 Nec
667 691 778 771 potest
791 675 897 746 videri
911 678 1057 746 Scaurus
1074 677 1148 747 rodi
1167 692 1202 748 et
1214 679 1307 772 hujus
1319 679 1388 748 maii

336 783 532 881 improvidae
559 783 683 852 civitati
709 783 896 877 obrepsisse
923 780 1068 885 quodam
1092 783 1179 852 vitii¹
1206 786 1388 854 rudimento.

337 897 412 964 Jnrn
433 892 523 960 enim
540 892 580 959 L.
603 887 781 960 Crassum²
806 903 973 959 oratorem
994 887 1105 976 illum,
1125 892 1182 983 qui
1203 892 1324 984 primrn
1339 917 1389 985 pe

338 999 461 1094 regrini
478 997 654 1066 marmoris
673 994 845 1065 columnas
863 994 981 1064 babuit
997 996 1032 1062 in
1048 995 1167 1065 eodem
1184 995 1320 1083 Palatio,
1332 1001 1391 1091 uy-

338 1105 470 1176 mettias
496 1113 608 1172 umen
630 1125 693 1170 nec
715 1098 927 1195 plumascu,
952 1115 1011 1170 aut
1032 1098 1201 1196 longiores
1217 1103 1392 1173 duodenum

339 1209 483 1306 pedum,
512 1209 561 1276 M.
586 1210 708 1276 brutus
729 1208 766 1276 in
782 1208 902 1302 jurgiis
921 1206 966 1276 ob
984 1205 1019 1276 id
1039 1209 1205 1278 Venerem
1228 1207 1393 1280 Palatinam

340 1314 574 1412 appellaverat
600 1311 765 1382 Nimirum
785 1314 848 1382 ista
863 1312 1026 1397 omisere,
1042 1314 1193 1384 moribus
1211 1317 1321 1385 victis:
1335 1317 1395 1384 fru-

342 1435 475 1515 straque
493 1417 670 1490 interdicta
683 1443 758 1512 quae
768 1432 947 1488 vetuerant
959 1433 1151 1506 cernentes,
1165 1420 1267 1491 nuilus
1282 1423 1395 1517 potius,

309 1569 322 1602 2
342 1537 442 1621 qrrnrn
456 1527 585 1612 irritas,
601 1547 672 1594 esse
686 1523 777 1618 leges
787 1523 988 1594 maluerunt.
1010 1511 1093 1593 Sed³
1108 1531 1211 1620 etqui
1224 1543 1397 1621 sequmnrr,

344 1622 498 1702 meliores
515 1655 586 1700 esse
606 1654 667 1700 uos
686 1628 891 1724 probabunt.
911 1631 998 1718 Quis
1018 1631 1108 1700 enim
1128 1645 1295 1701 tantarum
1314 1633 1397 1702 bodie

343 1737 575 1811 columnarum
594 1738 715 1804 atrium
731 1734 855 1804 babet?
872 1735 938 1805 Sed
959 1737 1071 1831 prius,
1094 1763 1195 1831 quam
1212 1738 1253 1808 de
1269 1764 1397 1808 maraio-

344 1844 437 1912 ribus
458 1841 628 1928 dicamus,
655 1841 831 1910 hominurn
855 1843 890 1910 in
916 1842 956 1911 iis
984 1839 1206 1936 proferenda⁴
1230 1845 1397 1938 judicemus

345 1949 460 2044 pretia.
479 1948 566 2016 Ante
586 1947 688 2040 igitur
707 1946 853 2016 artifices
872 1947 1152 2040 percensebimus.

315 2099 326 2133 r
400 2057 461 2124 lv.
481 2042 564 2146 (tv.)
580 2053 751 2122 Marmore
772 2051 951 2147 scalpendo
972 2053 1072 2146 prirni
1089 2056 1241 2126 omnium
1259 2055 1399 2126 inclarue-

349 2173 430 2228 runt
440 2159 606 2252 Dipoenus
618 2171 652 2227 et
662 2156 809 2252 Scyllis'‚
822 2159 923 2252 geniti
936 2159 970 2226 in
986 2161 1088 2227 Creta
1101 2161 1229 2247 insula,
1240 2164 1398 2231 etiamnum

349 2262 479 2335 Medis*
499 2263 756 2358 imperantibus,
775 2265 932 2358 priusque
947 2288 1048 2358 quarn
1064 2268 1173 2358 Cyrus
1192 2273 1229 2336 in
1245 2270 1346 2338 Persis
1359 2291 1399 2336 re-

349 2449 467 2525 ejuedem
479 2446 584 2503 delubri
595 2459 749 2520 preparate
761 2446 867 2520 quadri·
909 2447 1014 2521 quodum
1023 2451 1093 2505 uita.
1102 2452 1136 2505 In
1148 2453 1216 2527 lieg.
1230 2475 1245 2509 a
1262 2467 1289 2509 et
1301 2455 1368 2510 cau
1380 2456 1399 2516 3.

350 2551 389 2603 go
403 2530 497 2585 fictiles
510 2528 540 2581 in
554 2528 662 2599 fornace
677 2528 831 2582 crevissent.
851 2554 864 2577 ι
910 2530 1059 2583 rarifluo.

350 2612 412 2665 Lib.
423 2608 539 2673 XXXV,
553 2626 587 2661 ra
600 2625 607 2661 :
619 2629 630 2651 ·
642 2606 713 2660 Hine
725 2620 753 2660 et
765 2607 868 2679 fastigio
954 2628 980 2663 s.
1002 2609 1061 2661 lan
1078 2614 1143 2663 ab·
1160 2612 1192 2665 L.
1215 2613 1334 2668 Crem
1347 2612 1402 2667 Vide

352 2690 514 2761 templorum
528 2699 599 2754 orta,
610 2698 720 2757 propter
733 2686 803 2744 banc
813 2688 870 2758 pln-
910 2688 958 2742 lib.
970 2688 1069 2753 xvu,
1082 2707 1143 2761 cap.
1158 2709 1183 2745 1.
1195 2691 1290 2749 Hono.

352 2784 399 2824 ste
412 2766 549 2839 appellati.
564 2792 575 2813 ι
590 2766 683 2819 Guou.
954 2766 980 2819 3.
998 2766 1086 2820 Sedet
1099 2774 1142 2841 qui
1155 2786 1295 2843 sequente.
1307 2774 1401 2826 Erote

398 2864 443 2903 n.
468 2848 581 2899 Tacuere.
603 2846 637 2897 Et
656 2856 761 2898 tacuere
773 2844 813 2931 iffi
831 2857 871 2899 ta·
912 2848 995 2919 Πομ.
1014 2866 1041 2912 a,
1059 2848 1095 2913 3,
1113 2861 1141 2901 et
1154 2848 1200 2903 ed.
1219 2855 1307 2923 princ.
1319 2853 1402 2904 Hau

354 2946 432 2992 rnen,
455 2943 541 2997 quum
566 2922 654 2977 videre
680 2935 765 2977 tentas
788 2924 872 2979 moles
914 2930 1213 2999 quarequeatureetsie
1229 2932 1387 2986 Pintia&

356 3006 427 3061 trahi
448 3006 477 3058 in
502 3003 618 3074 privatas
639 3000 752 3067 domos,
773 3016 873 3076 praeter
956 3011 984 3065 ά.
1006 3008 1165 3074 Proser-enda.
1187 3010 1234 3065 Sic
1257 3012 1329 3066 MSS.
1345 3008 1401 3072 editi,

357 3086 450 3139 oculos
473 3082 602 3147 deorum,
626 3100 742 3153 quorum
767 3084 873 3155 templis
909 3086 1066 3157 profirmdc
1078 3086 1192 3141 dam.
1208 3090 1302 3145 Hm.

358 3164 450 3219 fictilia
460 3174 522 3217 sunt
536 3161 647 3233 fastigia.
658 3162 749 3215 Hiun.
955 3166 1005 3219 IV.
1019 3184 1043 3219 1.
1052 3167 1201 3237 Diooeauser
1210 3170 1310 3243 Seytdis.
1319 3172 1402 3225 Δίιαικ

403 3260 448 3297 η.
475 3242 584 3294 Fictilia.
615 3240 760 3313 Superiore
783 3241 875 3308 libro,
916 3243 958 3295 uei
976 3248 1085 3306 hime-
1102 3246 1160 3299 Hos
1175 3249 1227 3303 aiii
1242 3248 1403 3305 Dodeiid'm'·

359 3342 418 3394 cap.
430 3320 465 3386 45
479 3343 486 3373 2
500 3346 511 3368 ι
525 3319 752 3374 Fictilemiovem
764 3320 875 3375 fuisse...
917 3322 1010 3393 pulos,
1026 3324 1098 3377 iiiios
1109 3326 1155 3378 elii
1169 3328 1255 3385 fuisse
1268 3332 1362 3393 volunt,
1373 3328 1401 3379 in·

360 3401 456 3457 fictiles
468 3401 497 3453 in
514 3399 619 3471 fastigio
631 3399 724 3470 templi
739 3402 796 3470 ejus
810 3420 876 3471 qua-
918 3401 1401 3480 quitPauean.Corintb.11,pr3.rrr:

360 3482 456 3553 drign.
472 3506 483 3527 ι
497 3478 529 3531 Et
542 3496 601 3549 cap.
615 3479 667 3545 43,
682 3478 730 3532 ubi
741 3476 775 3532 de
786 3480 878 3551 piasti·
919 3482 1012 3543 Σκύλης
1022 3484 1065 3537 καὶ
1074 3486 1202 3552 atnoe«,
1211 3482 1403 3560 Kpnmbpipu.

361 3578 414 3615 eet
436 3585 447 3607 ι
465 3558 536 3611 Hine
555 3570 581 3611 et
598 3558 699 3630 fastigia
713 3560 877 3630 templorum
920 3557 1133 3632 riudpravrorrerb,
1144 3565 1403 3638 inquireremus

361 3652 430 3694 orte.
442 3664 454 3686 ι
467 3636 557 3691 Hune.
918 3638 1296 3721 undrinus,inProtreptie.
1310 3666 1358 3719 pag.
1370 3645 1401 3697 31.

402 3718 453 3771 111.
478 3734 503 3771 r.
525 3714 637 3787 Quodam
657 3718 714 3767 vitii
734 3717 877 3771 rudiwuo.
920 3719 1403 3799 H.-5cy1b.nmt.01aeg.ot⁵‚

364 3796 449 3863 Quasi
465 3806 529 3851 tunc
554 3794 671 3866 primurn
691 3794 825 3867 irrepente
849 3796 878 3850 in
920 3796 1007 3872 Scyiis.
1021 3800 1075 3853 Eo.

365 3878 468 3930 Urbem
485 3894 518 3929 eo
533 3874 607 3928 vitio.
624 3874 665 3927 Ita
676 3875 774 3928 rectius
791 3876 878 3931 visum
963 3896 989 3933 s.
1003 3879 1093 3933 uado.
1107 3882 1228 3957 Astyage
1239 3886 1326 3940 ultimo
1335 3878 1402 3936 ude

366 3968 420 4022 est,
437 3972 517 4034 quarn
537 3952 610 4025 quod
632 3954 706 4025 prius
726 3954 879 4027 tegentur,
921 3976 984 4012 rom
1014 3976 1100 4031 rege,
1138 3963 1185 4018 ceri
1210 3966 1297 4039 Cym
1314 3957 1403 4019 deinde,
