2950 5000
990 204 1006 243 Ο

332 400 405 472 608
600 400 639 469 C.
667 400 836 469 PLlNll
862 399 968 472 NAT.
998 397 1130 467 HIST.

333 558 405 605 esse
414 530 559 602 tradunt.
570 531 718 600 Tertium
733 528 845 601 locum
855 528 1012 625 AEgyptii⁷
1022 527 1375 624 habent,quieruuntur

334 642 422 733 circa
433 640 567 732 Copton
581 636 742 732 oppidum
753 636 932 705 Thebaidis
951 638 984 705 in
1001 621 1164 723 collibus⁸,
1180 662 1219 705 ex
1230 638 1374 706 cautibus

301 782 316 815 2
334 744 474 838 Reliqua
481 742 617 837 genera⁹
627 744 661 811 in
674 741 814 811 metallis
822 744 942 811 aerariis
954 742 1175 811 inveniuntur.
1185 744 1377 837 Quapropter

336 848 559 946 principatum
587 872 628 917 ex
649 849 688 916 iis
717 849 832 941 Cyprii
854 848 1033 917 obtinent:
1063 847 1188 940 dosque
1211 874 1317 917 eorum
1337 862 1377 915 est

335 981 397 1025 nec
415 957 449 1024 in
470 953 581 1024 colore
596 953 742 1049 liquido,
761 978 823 1023 neo
840 952 967 1041 diluto,
985 978 1101 1021 verum
1119 976 1160 1020 ex
1174 954 1303 1023 humido
1320 956 1378 1047 pin·

334 1064 407 1156 gui,
431 1084 561 1154 quaque
582 1061 811 1154 perspicimur,
835 1060 984 1128 imitante
1006 1057 1241 1129 translucidum
1251 1058 1273 1083 ¹⁰
1285 1084 1376 1127 marc:

333 1168 523 1262 pariterque
536 1163 794 1236 translucentem
809 1164 954 1235 colorem
971 1164 1105 1259 expellit
1115 1163 1150 1249 ¹¹,
1171 1180 1206 1234 et
1222 1168 1316 1235 aciem
1332 1190 1377 1232 re·

333 1272 412 1341 ficit.
435 1276 560 1340 Ferunt
583 1273 617 1339 in
635 1294 673 1341 ea
691 1269 797 1340 insula
818 1268 948 1339 tumulo
970 1270 1076 1365 reguli
1100 1268 1280 1357 Hermiae¹',
1299 1272 1379 1363 juxta

335 1378 683 1462 cetarias‚marmureo
693 1375 781 1445 leoni
792 1376 891 1445 fuisse
902 1376 1024 1445 inditos
1035 1374 1199 1446 oculosos
1208 1376 1379 1470 smaragdis,

334 1486 381 1552 ita
402 1482 606 1552 radiantibus
620 1483 718 1551 etiam
733 1484 769 1550 in
786 1484 967 1576 gurgitem,
996 1496 1033 1552 ut
1052 1484 1159 1551 territi
1170 1468 1193 1507 ¹³
1215 1482 1380 1577 refugerent

334 1590 480 1684 thynni:
506 1588 562 1656 diu
593 1589 789 1656 mirantibus
819 1589 1001 1657 novitatem
1030 1588 1264 1683 piscatoribus,
1289 1588 1379 1656 donec

335 1709 507 1763 mutavere
523 1692 627 1763 oculis
641 1718 799 1790 gemmas.

304 1837 317 1872 1
389 1803 519 1869 XVlll.
544 1799 610 1868 Sed
632 1814 667 1867 et
688 1800 768 1868 vitia
785 1798 1007 1869 demonstrari
1028 1814 1163 1892 oportet
1181 1802 1215 1867 in
1233 1815 1294 1869 tam
1313 1822 1379 1893 pro-

336 1905 412 1976 clivi
425 1919 546 1973 erratu.
561 1907 647 1973 Sunt
660 1903 794 1999 quidem
813 1906 960 1974 omnium
974 1903 1100 1974 eadem.
1116 1904 1276 1995 Quaedam
1287 1920 1380 1973 tamen

335 2014 508 2080 nationum
525 2010 720 2105 peculiaria,
742 2013 828 2081 sicut
844 2014 877 2079 in
901 2010 1046 2079 homine.
1068 2014 1159 2106 Ergo
1179 2014 1288 2106 Cyprii
1307 2010 1381 2077 varie

336 2116 462 2212 glauci,
481 2118 650 2212 magisque
666 2140 706 2185 ac
721 2118 832 2185 minus
844 2119 879 2185 in
894 2116 1011 2185 eodem
1027 2115 1204 2212 smaragdo
1220 2117 1285 2185 aliis
1297 2114 1380 2211 parti·

336 2222 398 2292 bus
420 2237 569 2292 tenorem
600 2220 693 2291 illum
729 2222 892 2315 Scythicoe
922 2221 1142 2291 austeritatis¹
1175 2248 1244 2291 non
1272 2244 1381 2315 semper

335 2326 537 2398 custodiunt.
562 2327 615 2396 Ad
640 2326 706 2396 hoc
725 2328 921 2421 quibusdam
943 2328 1135 2397 intercurrit
1167 2328 1299 2413 umbra,
1324 2351 1380 2395 sur·

336 2432 463 2530 dusque
490 2433 528 2503 fit
549 2430 668 2518 colos²,
692 2436 749 2528 qui
772 2434 996 2529 improbatur,
1020 2434 1120 2502 etiam
1144 2432 1286 2504 dilutior.
1312 2433 1382 2502 Hinc

377 2623 403 2673 7.
427 2605 535 2656 Tertium
550 2603 628 2656 heum
640 2604 774 2675 AEmtin
796 2615 847 2657 etc.
935 2621 979 2655 ιι.
991 2603 1016 2654 T
1013 2603 1184 2654 ruminantem
1192 2601 1381 2672 coemendis

334 2683 470 2749 Isidorus,
484 2684 537 2737 loc.
550 2683 596 2736 cit.
609 2684 700 2736 lino.
892 2684 978 2752 AEque
987 2695 1066 2752 atque
1079 2701 1166 2746 mare,
1177 2683 1290 2736 colorent
1304 2680 1382 2733 emittit

377 2766 405 2817 8.
440 2762 569 2815 Thebaidis
590 2767 615 2814 in
639 2762 748 2813 wilibert-
774 2761 848 2814 Inter
892 2758 1381 2833 translucentem,eciemqnerelieit8ie

336 2842 442 2913 Copton
456 2856 482 2895 et
497 2843 643 2894 Berenicen
655 2859 733 2893 mons
748 2853 787 2892 est
799 2839 846 2892 ille
892 2839 970 2892 MSS.
997 2858 1113 2892 omness
1140 2843 1200 2912 typi
1226 2838 1379 2912 interpolsti:

336 2920 510 2992 smaragdus,
535 2921 560 2972 lu
584 2924 645 2972 mine
670 2920 846 2984 d'ene'raudes,
896 2919 1072 2990 epar-iterque
1095 2921 1241 2974 translucet
1267 2933 1291 2973 et
1314 2920 1381 2978 nitet,

336 2999 672 3072 quemP.Siosrd·inrisit.
683 3001 767 3051 Bsor.
892 2998 1005 3060 honest,
1021 2997 1139 3051 colorem
1149 2997 1380 3070 expellit,etsn'en

377 3096 403 3145 9.
419 3079 522 3150 Reliqua
533 3098 631 3148 genere.
647 3078 754 3131 Solinus
763 3082 790 3130 et
799 3077 849 3130 lsi·
892 3077 995 3147 recipit.
1013 3102 1024 3124 ι
1041 3075 1133 3132 Hssn.

337 3157 435 3225 dorus,
450 3159 677 3211 lociscit.llsnn.
937 3175 979 3208 rs.
1010 3157 1126 3210 Hemioe.
1152 3157 1194 3208 De
1214 3157 1260 3210 illo
1279 3153 1378 3210 suta:

381 3257 423 3291 to.
441 3239 542 3308 Quaque
551 3240 722 3308 perspiciatur,
741 3237 849 3286 imitante
891 3225 984 3305 inpiae
998 3238 1010 3287 ὁ
1024 3237 1150 3304 etiamn,
1165 3248 1214 3288 etc.
1234 3237 1318 3289 fluo.

236 3333 244 3352 ·
339 3317 512 3370 nanneten»
526 3336 600 3368 nare.
617 3313 735 3387 Legend.
754 3339 765 3361 «
778 3315 849 3372 Dos·
936 3315 979 3367 13.
992 3313 1026 3366 Ut
1037 3318 1115 3368 territi
1125 3317 1266 3384 refugerent.
1279 3315 1379 3367 &aas

338 3415 391 3469 que
404 3414 497 3448 eorum
514 3409 553 3449 est
573 3395 602 3447 in
618 3395 708 3447 oolore
727 3391 847 3464 liquido,
892 3392 934 3445 Al.
944 3405 1005 3445 ante
1020 3393 1103 3448 ilerd.
1119 3405 1146 3446 nt
1158 3398 1238 3446 temti
1249 3397 1380 3446 inmte

337 3495 388 3539 nec
397 3475 500 3536 diluto,
514 3493 607 3527 verum
622 3492 653 3527 ex
666 3471 779 3526 humido
790 3473 850 3543 pin·
893 3473 1038 3540 refugerent.
1054 3473 1106 3526 En.

337 3555 399 3627 gui,
424 3571 529 3624 queque
542 3552 712 3624 perspicitur,
726 3552 847 3604 imitante
933 3551 1038 3604 XVHl.
1065 3571 1088 3604 s.
1106 3553 1226 3620 Stytlsieoe
1247 3549 1380 3604 menut-

337 3632 526 3687 trsnslucidum
542 3634 630 3686 maris.
646 3657 657 3678 ι
675 3635 716 3684 Ita
733 3629 849 3701 liquidos
893 3631 933 3682 De
952 3648 1004 3700 qus
1026 3629 1128 3684 dictum
1144 3644 1184 3685 est
1199 3651 1258 3703 snp.
1278 3648 1329 3700 esp.
1346 3627 1380 3679 Sit

339 3715 396 3766 vult
410 3731 465 3766 esse
475 3713 535 3765 illos
546 3709 713 3781 smaragdos,
722 3709 762 3764 uti
770 3707 849 3762 diluti
861 3737 866 3746 ·
893 3707 967 3762 MSS.
982 3712 1045 3780 Reg.
1060 3729 1091 3774 s,
1107 3710 1185 3763 Colb.
1203 3710 1230 3761 3.
1245 3711 1305 3762 Fas.
1315 3703 1377 3759 etalii

338 3811 394 3845 non
407 3793 469 3857 sint,
482 3789 530 3844 sed
539 3809 572 3844 ex
584 3789 688 3862 liquido
699 3803 725 3842 et
733 3786 848 3842 humido
893 3806 994 3842 omnes.
1006 3787 1079 3842 Editi
1094 3790 1177 3854 male,
1189 3791 1338 3842 auctoritatis·
1352 3783 1377 3835 Η·

337 3870 460 3943 pingues.
472 3872 590 3924 Ssnnss.
601 3871 722 3923 -Brot
730 3887 762 3921 ex
770 3867 847 3920 MSS.
892 3868 996 3920 —Mox
1007 3868 1080 3922 Brut.
1091 3869 1176 3934 male,
1189 3870 1220 3920 sd
1230 3869 1279 3922 loe.
1292 3867 1336 3918 En.

337 3963 399 4020 post
412 3949 566 4003 salmasium
576 3969 686 4022 ,quaque
694 3951 848 4018 perspicitur,
932 3966 959 4002 s.
977 3947 1115 4019 Suadaeque
1120 3947 1155 4019 fit
1165 3949 1238 4002 cotos.
1257 3947 1376 4012 fletequ

336 4029 445 4082 imitante
462 4029 632 4082 transittcidsst
646 4031 728 4081 nuru.
744 4027 796 4079 En·
892 4025 931 4080 lit.
947 4026 1037 4082 flsnn.
