2950 5000
424 472 586 540 LIBER
614 472 800 541 xxxttt.
1079 494 1139 541 tat

110 604 171 674 dius
193 628 277 699 pene
299 604 530 698 manipretiis:
553 602 652 697 idque
667 602 907 698 jamxpridem,
932 616 970 671 ut
989 603 1144 698 ignosca-

41 712 42 716 ’
110 736 172 779 mus
183 712 278 781 nobis.
289 708 492 806 Delphinos²
515 711 625 803 quinis
637 709 782 779 millibus
799 709 983 778 sestertium
997 711 1031 779 in
1047 708 1145 780 libras

108 832 218 910 emptos
230 820 265 887 C.
286 816 460 886 Gracchus
480 816 606 886 habuit.
625 818 749 885 Lucius
767 840 848 885 vero
863 817 1003 885 Crassus
1020 818 1144 885 Orator

107 921 177 991 duos
194 923 326 1018 scyphos
347 925 510 991 Mentoris
538 921 673 993 artificis
694 946 795 991 mauu
817 920 948 992 caelatos
967 908 1143 992 sestertiis³

107 1050 132 1098 c
147 1029 309 1099 Confessus
328 1043 440 1098 temen
460 1042 528 1115 est,
541 1052 722 1123 numquam
741 1052 776 1097 se
794 1028 844 1097 his
864 1028 912 1097 uti
932 1043 1071 1123 propter
1086 1054 1143 1098 ve·

105 1134 272 1204 recundiam
293 1159 424 1204 ausum.
445 1137 582 1203 Constat
602 1135 756 1204 eumdem
780 1135 965 1203 sestertium
987 1158 1024 1203 vr
1047 1134 1142 1204 milli·

104 1227 211 1309 bus⁴iu
222 1239 364 1337 singulas
378 1240 479 1311 libras
490 1264 571 1309 rasa
583 1256 695 1336 empta
705 1226 890 1310 habuisse⁵.
905 1242 980 1310 Asia
998 1242 1143 1336 primum

103 1422 164 1477 pene
172 1408 370 1479 manupretium.
384 1434 398 1457 »
410 1407 494 1473 Quod
503 1426 587 1461 manu
629 1409 708 1478 phini
718 1424 783 1463 suut
792 1421 947 1463 ornamenta
955 1409 1144 1478 tricliniorum,

103 1484 183 1538 lsauut
201 1501 271 1553 eret,
290 1500 316 1542 et
335 1486 411 1560 qnod
428 1485 521 1541 datum
537 1506 589 1559 pro
629 1501 676 1542 aut
690 1506 833 1554 rasorum,
848 1486 1038 1561 delphinorum
1052 1490 1145 1544 simili-

103 1568 332 1638 en,msnupretium
345 1566 501 1631 verebatur,
510 1585 589 1621 ame·
630 1567 807 1624 tudine.Vide
819 1569 1009 1640 Du·Ceugium
1023 1570 1050 1622 in
1067 1570 1144 1623 Glos-

102 1644 181 1708 eibus,
195 1658 221 1698 et
234 1646 329 1718 pretio.
335 1646 427 1700 Verba
445 1660 508 1699 sunt
521 1648 590 1701 Ver·
628 1649 708 1702 serio.
722 1648 814 1701 Hseu.
831 1680 870 1691 -
886 1650 974 1717 Qumis
990 1650 1095 1702 millibus
1107 1670 1145 1703 se-

101 1724 161 1775 meis
173 1722 204 1778 de
213 1727 286 1799 Liug.
300 1727 398 1779 htv.
414 1727 447 1779 lu
461 1726 590 1780 Plinianis
628 1731 737 1779 stertisset
756 1729 782 1779 in
799 1728 884 1780 libres.
898 1728 975 1781 Prius
994 1728 1144 1799 legebatur,

103 1802 220 1859 etinbm
231 1810 395 1877 manipretium
413 1805 514 1876 ubique
526 1807 590 1859 seri·
629 1810 707 1879 quiesi
720 1807 824 1859 mittitis
831 1810 959 1871 sestertiis,
973 1805 1046 1878 qnod
1060 1807 1094 1861 de
1106 1828 1144 1862 ee·

100 1882 168 1934 bitur.
186 1884 282 1939 Plinius
299 1888 370 1957 ipse,
387 1885 520 1949 xxm,
536 1904 589 1955 17:
629 1886 743 1951 stertiis,
760 1886 815 1939 eive
830 1887 965 1951 neutrius,
987 1898 1016 1940 ut
1035 1900 1144 1951 vocant,

104 1988 113 2009 ι
125 1961 225 2017 Solitum
239 1966 310 2018 euim
326 1984 359 2018 ex
372 1964 532 2036 manipretio
545 1982 592 2019 cu·
630 1967 748 2039 generis,
769 1966 824 2019 sive
844 1966 988 2029 mesculei‚
1004 1981 1075 2021 reete
1089 1966 1144 2021 dici

99 2042 178 2113 jusque
187 2045 252 2115 sigui
264 2044 387 2098 denarios
399 2043 536 2115 deponere
545 2064 592 2097 au·
631 2064 672 2099 ers
680 2065 735 2100 uon
744 2045 911 2115 patitur,hoc
918 2058 956 2099 eat
964 2048 1143 2117 grammatice.

101 2122 300 2194 mussingulw
313 2126 383 2178 Item
390 2124 534 2195 Ulpianus,
542 2124 591 2177 lib.
631 2124 672 2178 De
691 2126 817 2179 sestertiis
831 2144 913 2197 porro
931 2126 1086 2196 posterioris
1098 2144 1145 2197 ge·

102 2199 152 2272 big.
164 2202 201 2255 tit.
214 2202 247 2256 de
257 2204 343 2277 Verb,
356 2204 422 2274 sign.
436 2204 487 2275 leg.
501 2204 591 2256 Mulie·
630 2205 702 2258 ueris
721 2205 807 2276 accipi
826 2205 883 2259 hese
904 2216 1030 2275 oportere
1052 2219 1146 2259 auctor

102 2284 144 2333 ris:
155 2303 165 2326 ·
177 2282 335 2355 Plerumque
349 2283 411 2355 plus
429 2284 518 2336 estin
537 2301 592 2336 ma·
633 2296 672 2337 est
679 2283 837 2338 Plutarchus
847 2285 875 2337 iu
888 2283 1027 2347 Gracchis,
1034 2300 1063 2356 p.
1077 2287 1144 2343 82⁵,

102 2376 143 2411 nus
155 2364 245 2432 pretio,
259 2380 341 2433 quem
353 2364 383 2417 in
395 2380 451 2415 re.»
468 2363 514 2416 Sic
525 2362 592 2414 ovi·
632 2364 679 2415 nbi
691 2364 819 2436 objecisse
830 2363 953 2417 Graccho
964 2366 1080 2417 Drusum
1095 2366 1149 2433 ait„

102 2436 329 2495 diuszsbleteriam
337 2442 480 2515 superabat
490 2460 588 2513 opum·
632 2441 705 2515 qnod
725 2442 865 2517 delphinos
885 2456 1021 2515 argenteos
1037 2461 1147 2516 eompa-

102 2524 254 2576 musenim
266 2542 317 2595 pro
327 2541 419 2594 opere.
428 2522 523 2576 Manus
535 2539 594 2593 pre·
632 2536 729 2588 resset,
746 2535 849 2594 emptos
870 2524 897 2576 iu
917 2523 1034 2594 singulas
1051 2525 1147 2589 libres,

103 2598 132 2652 tis
143 2598 204 2655 dixit
217 2603 333 2656 Tertull.
346 2601 381 2656 de
393 2600 493 2654 Idolol.
504 2601 593 2654 ceteri
633 2601 749 2656 deuamis
769 2603 843 2656 tuille
862 2602 1013 2674 quingentis
1031 2616 1058 2656 et
1073 2623 1147 2658 sesa·

101 2692 214 2735 marte
230 2682 439 2752 manupretium.
451 2681 548 2734 Cicero
564 2682 594 2733 in
633 2681 866 2754 ginta,sive,quod
876 2680 1149 2754 idem,quiuissester·

102 2757 167 2812 Verr.
186 2762 245 2826 111,
267 2761 422 2816 ·ttsehtne
452 2778 595 2830 mmupre·
635 2762 704 2816 tium
720 2762 846 2816 millibus.
858 2762 891 2814 Ol
899 2762 955 2834 rrepl
965 2767 1068 2830 Δροῦσον
1078 2765 1149 2835 ἕλιγ-

102 2836 179 2892 tium·
194 2839 235 2893 td
248 2859 329 2912 quern
342 2841 433 2894 locum
443 2840 594 2894 monins:
633 2861 693 2910 χον,
715 2841 753 2894 ὅτι
779 2837 894 2911 testeae
916 2843 1030 2914 ἀργυροῦς
1046 2843 1148 2914 impiere

103 2917 313 2990 ullauupretiuru
335 2918 444 2985 dicitur,
465 2920 514 2973 ubl
537 2937 594 2972 unu
635 2926 710 2990 τιμῆς
726 2921 760 2982 εἰς
774 2921 864 2982 testem
879 2921 963 2992 λίτραν
978 2918 1098 2994 δραχμῶν
1109 2943 1148 2992 χι·

101 3007 145 3049 tuu
159 2998 271 3053 materies
288 2999 375 3063 ratio,
394 3017 476 3070 quam
499 3016 595 3052 manus
633 2997 904 3054 sternutationem
927 3003 1091 3059 πεντήκοντα.
1113 3002 1149 3054 Η.

102 3088 169 3146 etque
188 3081 249 3134 ertis
276 3077 393 3133 ducitur.
408 3103 420 3126 ι
447 3079 518 3132 Gelli
543 3095 595 3132 uos
635 3081 775 3150 -Quiur's
789 3080 894 3132 millibus
905 3085 1048 3132 sestertium.
1063 3080 1149 3135 Galli·

102 3157 169 3230 vulgo
181 3156 308 3223 dicimus,
319 3160 345 3210 Ie
353 3159 438 3230 sapon.
453 3159 545 3210 llsen.
556 3189 595 3200 --
636 3178 674 3214 ess
685 3173 800 3212 monetes
812 3160 889 3212 libris
901 3177 970 3231 972.
984 3161 1068 3213 Reor.

101 3232 183 3292 Furit.
195 3238 264 3292 liele
274 3238 352 3291 MSS.
363 3238 542 3308 Reppsuen't,
551 3237 595 3290 rel
678 3240 704 3294 3.
718 3238 839 3292 Sestertr'r's
851 3239 881 3293 C.
896 3239 1019 3292 Sestertio
1030 3251 1152 3306 centum,

97 3315 419 3386 lm.Broterius,fun't.
433 3319 485 3370 En.
637 3319 692 3372 sive
700 3317 774 3390 quod
785 3317 857 3372 idem
867 3331 922 3382 est„
932 3319 1081 3372 sestertium
1092 3337 1153 3372 ceu-

134 3415 156 3448 s.
179 3396 317 3470 Delphines.
343 3399 477 3450 Vesorum
502 3415 594 3468 genus.
637 3411 697 3452 teus
713 3397 805 3451 millis.
818 3397 1082 3452 Hism-Gsttica
1093 3417 1151 3452 mo·

101 3471 204 3530 Petunt
217 3489 245 3532 et
259 3477 397 3550 Delphice
411 3476 503 3540 eburi,
512 3475 597 3548 equi·
637 3491 706 3532 nete
720 3478 796 3531 libre
814 3478 928 3548 19,653.
946 3479 999 3531 En.

101 3551 143 3605 bes
158 3556 244 3610 rmum
261 3557 468 3610 ministrabatur.
487 3555 597 3626 Delphi·
681 3564 707 3620 t.
727 3557 866 3610 Sestertium
892 3558 933 3610 Vt
952 3557 1066 3610 millibus.
1092 3557 1150 3612 Hoc

101 3635 209 3688 sosolim
218 3637 352 3690 meusisin
363 3649 487 3688 ornatum
497 3635 594 3705 subjici
639 3653 693 3703 est,
714 3647 828 3692 monete
845 3650 941 3691 nostre
958 3637 1060 3708 gallicae
1075 3637 1152 3691 libris

101 3711 268 3770 wlitosGreci
284 3715 470 3770 adnotarunt:
488 3728 517 3767 ut
532 3732 595 3769 ceu·
642 3720 738 3787 1,167.
759 3717 809 3770 Eu.

102 3787 178 3847 tlaros
195 3808 220 3848 et
235 3796 380 3849 Cheirones
398 3794 493 3848 abacis.
514 3795 596 3847 Jure·
683 3797 709 3850 5.
724 3797 793 3848 Vasa
807 3805 886 3866 erepta
903 3795 1020 3849 metesa
1035 3798 1100 3868 Reg.
1118 3816 1150 3863 a,

102 3871 175 3924 nelis:
192 3875 406 3929 «Ornamentum
431 3873 522 3938 abaci,
546 3890 597 3926 nec
641 3876 719 3929 Colb.
741 3876 768 3942 3,
789 3887 814 3928 et
828 3875 944 3928 Pintiaui
957 3874 1017 3929 cod.
1034 3895 1083 3928 erre
1102 3895 1152 3928 em·

103 3965 150 4004 ueu
161 3965 186 4006 et
202 3955 328 4026 puerulus
347 3954 419 4008 iufra
431 3953 598 4017 cantharus,
637 3956 735 4027 ptelr'e,
750 3974 806 4012 uon
819 3975 881 4008 vase
901 3967 979 4026 empta
997 3974 1054 4026 pret
1072 3973 1098 4008 se
1115 3955 1164 4029 le·¹

106 4040 128 4079 et
142 4035 262 4088 recubam
279 4035 330 4088 sub
350 4033 444 4087 eodem
464 4050 599 4086 mererere
641 4047 713 4088 runt·
745 4034 900 4088 Gronovius
932 4054 981 4086 rura
1013 4033 1154 4087 emblemate

106 4105 201 4167 Cium.
212 4140 223 4160 ι
237 4115 307 4172 Der..
329 4145 369 4158 —
384 4113 525 4184 deluuos.
541 4112 599 4166 Del·
643 4115 810 4184 conjiciebat.
825 4115 908 4168 Eram
924 4127 1012 4168 autem
1025 4111 1155 4185 mattea
