2950 5000
324 380 396 468 had
445 382 485 452 C.
511 379 672 452 PLINII
697 380 804 450 ΝΑΤ.
831 383 962 452 Η18Τ.
985 381 1084 449 LIB.
1110 378 1265 447 XXXV.

325 517 426 585 trium
437 501 461 542 ¹³
482 515 647 609 Pompeii,
665 515 849 610 Augenque
870 514 1051 597 Demetrii,
1069 535 1254 607 quanquam
1267 511 1377 604 etipsa

327 623 477 715 Pompeii
494 621 619 694 credita
634 635 702 690 est:
719 621 950 716 Hipparchum
960 608 985 652 ¹⁴
999 622 1048 688 M.
1064 619 1218 706 Antonii,
1228 603 1377 685 hlenam1⁵

327 743 361 796 et
388 730 615 798 Menecratem
641 730 716 797 Sex.
740 729 906 824 Pompeii,
934 726 1083 821 aliosque
1112 724 1278 819 deinceps,
1303 747 1378 818 qtros

326 857 521 903 enumerare
540 835 608 928 jam
634 847 790 918 nonest,
820 858 840 902 e
868 834 1027 929 sanguine
1048 831 1230 922 Quiritium
1255 843 1286 899 et
1310 855 1377 924 pro

293 941 545 1035 3scn'ptionum
576 939 708 1010 licentia
733 937 866 1010 ditatos.
893 943 967 1009 Hoc
995 953 1046 1009 est
1075 939 1206 1033 insigne
1233 935 1380 1005 venalitiis

326 1044 497 1140 gregibus,
514 1044 800 1141 opprobriumque
813 1045 984 1116 insolentis
997 1045 1162 1115 fortunae:
1200 1041 1265 1112 uod
1280 1055 1314 1111 et
1325 1067 1379 1110 nos

324 1150 409 1221 adeo
421 1153 519 1245 potiri
531 1176 643 1222 rerum
653 1150 806 1237 vidimus,
817 1167 856 1222 ut
868 1153 1023 1248 praetoria
1033 1149 1179 1246 quoque¹
1202 1161 1382 1218 ornamenta

326 1257 460 1328 decerni
477 1280 496 1327 a
514 1273 648 1346 senatu,
664 1258 804 1352 jubente
816 1259 998 1354 Agrippina
1019 1256 1152 1328 Claudii
1170 1258 1322 1342 Caesaris,
1335 1255 1380 1321 n'·

326 1363 474 1434 desimus
491 1363 638 1434 libertis:
662 1378 859 1458 tantumque
880 1391 949 1436 non
970 1389 1049 1435 curn
1076 1361 1232 1433 laureatis
1254 1361 1382 1432 fascibus

327 1470 450 1539 remitti
477 1467 553 1556 illo,
570 1468 658 1539 unde
679 1472 813 1543 cretatis
834 1470 974 1565 pedibus
994 1469 1218 1538 advenissent.

294 1601 305 1635 ¹
380 1577 471 1646 LIX.
498 1565 607 1670 (xix).
636 1579 801 1645 Praeterea
822 1591 900 1647 sunt
921 1600 1044 1672 genera
1065 1589 1164 1644 terrae
1187 1573 1383 1670 proprietatis

326 1706 412 1768 suae,
428 1681 470 1750 de
490 1682 611 1776 quibus
627 1681 697 1775 jam
714 1681 877 1753 diximus¹
893 1710 901 1752 :
917 1683 975 1752 sed
996 1699 1031 1753 et
1046 1681 1114 1751 hoc
1133 1680 1210 1750 loco
1231 1678 1383 1750 reddenda

326 1801 455 1856 natura.
474 1791 524 1856 Ex
541 1787 661 1858 Galata
678 1786 803 1874 insula,
826 1804 861 1858 et
875 1791 964 1860 circa
982 1788 1147 1882 Clupeam
1163 1786 1286 1857 Africae
1302 1811 1383 1857 scot·

325 1896 441 1989 piones
458 1908 556 1964 necat
570 1919 578 1962 ι
592 1893 736 1964 Balearis
751 1907 786 1964 et
800 1895 983 1966 Ebusitana
995 1909 1176 1991 serpentes.

324 2033 507 2126 Mithridatem
522 2073 624 2128 bellum
644 2074 731 2146 gessit.
747 2075 840 2130 Hann.
881 2075 929 2128 lib.
939 2075 976 2142 V,
987 2093 1050 2146 pag.
1067 2075 1134 2144 718.
1147 2073 1246 2126 Sextus
1255 2073 1385 2142 Pompeius

367 2151 410 2205 13.
424 2151 581 2206 Demetrium.
595 2152 693 2208 Seneca
704 2153 740 2207 de
752 2155 840 2207 Tran·
882 2154 973 2227 Ilagni
989 2155 1061 2207 filius
1073 2153 1146 2206 tuit:
1161 2153 1183 2206 is
1196 2171 1277 2224 quem
1300 2152 1384 2224 Appia-

325 2231 400 2302 quill.
415 2249 473 2303 cap.
487 2251 554 2295 vrrs,
568 2250 596 2303 p.
609 2235 664 2287 682
678 2252 685 2287 ε
702 2259 714 2282 ι
727 2233 839 2287 Felicio·
881 2253 933 2288 nus
944 2247 971 2289 et
983 2233 1038 2286 Dio
1050 2232 1119 2286 adeo
1128 2231 1268 2286 insaniisse
1280 2233 1383 2292 finum,

325 2329 382 2364 rem
402 2322 431 2364 tu
457 2310 623 2365 Demetrium
645 2311 841 2384 Pompeianum
882 2313 1086 2384 utseNeptnni
1098 2313 1187 2364 filium
1203 2311 1384 2383 diceremque·

325 2408 421 2468 vocas,
443 2409 524 2462 quem
537 2410 591 2444 non
605 2391 703 2463 puduit
719 2391 841 2463 locuple·
883 2393 955 2447 niam
979 2392 1007 2445 in
1029 2391 1114 2464 ipsius
1135 2391 1256 2448 nummis
1271 2393 1385 2461 scriptun

326 2470 422 2524 tionem
431 2488 488 2524 esse
497 2469 645 2543 Pompeio?
657 2471 791 2534 Numerus
801 2471 841 2525 illi
883 2471 1010 2527 viderunt
1021 2490 1158 2530 narrum.
1171 2472 1209 2529 At
1221 2484 1261 2525 eat
1270 2469 1334 2525 illud
1344 2486 1385 2541 pto

326 2548 445 2623 quotidie
460 2568 610 2617 servorum,
634 2553 709 2605 velut
726 2553 842 2623 impera·
883 2554 1029 2625 Neptunius,
1038 2552 1092 2606 hoc
1102 2564 1157 2615 est,
1169 2552 1253 2606 maris
1265 2551 1383 2604 dominus·

325 2630 378 2683 tori
402 2630 532 2684 exercitus
551 2630 734 2698 referebatur,
757 2644 837 2696 etex»
882 2645 911 2687 et
924 2645 964 2687 est
977 2633 1024 2686 ille
1032 2648 1162 2685 nummus
1173 2630 1269 2695 Sexti,
1279 2650 1333 2684 nou
1340 2630 1385 2682 tta

326 2708 398 2763 Vide
412 2722 439 2762 et
462 2710 636 2767 Plutarchum
650 2711 678 2763 in
694 2712 840 2783 Pompeio,
883 2714 930 2784 gni
953 2713 1053 2784 patris,
1076 2723 1107 2764 ut
1129 2710 1313 2786 incogitantes
1332 2710 1384 2762 elin

326 2808 354 2860 p.
367 2793 432 2852 604.
440 2786 554 2842 Fuithic
564 2787 722 2843 Gadarensis
730 2810 746 2843 e
756 2784 842 2863 Syria,
883 2790 1027 2846 edidimus.
1040 2790 1132 2844 Hann.

327 2881 357 2921 ut
367 2866 475 2940 quidem
489 2866 568 2923 docet
580 2870 721 2941 Iosephus.
732 2868 826 2924 IIann.
928 2875 971 2926 16.
983 2872 1018 2925 Ut
1023 2873 1141 2942 pretoria
1148 2889 1245 2942 quoque
1253 2880 1384 2923 mutt-

371 2952 416 3010 14.
428 2947 606 3019 Hipparchum.
618 2940 757 3021 Ῑππωρχον,
768 2948 842 3021 apud
884 2951 1030 3004 Pallantem
1038 2948 1145 3002 Claudii
1155 2949 1384 3003 cmttstibestun

328 3026 463 3080 Plutarch.
479 3026 507 3079 in
525 3030 627 3082 Anton.
642 3046 669 3101 p.
686 3028 750 3099 950·
766 3029 801 3082 II.
884 3031 917 3084 ab
934 3031 992 3101 ipso
1017 3048 1087 3084 curae
1110 3047 1203 3081 rerum
1229 3028 1384 3100 impositum,

371 3106 416 3161 15.
431 3106 537 3160 Menam.
550 3108 591 3163 De
602 3109 682 3162 hiena
693 3127 740 3162 seu
749 3109 843 3161 Meno·
883 3111 1069 3182 arbitrumque
1079 3106 1157 3179 regni
1169 3108 1283 3171 tactum,
1292 3106 1384 3160 Tacitus

327 3184 411 3252 doro,
427 3184 498 3239 Sexti
513 3187 634 3260 Pompeii
646 3188 758 3250 liberto,
776 3187 843 3242 elas·
884 3190 922 3244 ait
935 3188 1036 3243 Annal.
1046 3189 1131 3253 xm,
1145 3205 1174 3258 p.
1194 3207 1261 3242 aoo.
1274 3184 1382 3257 Agrippi·

327 3266 416 3337 sisque
429 3266 570 3337 praefecto,
584 3286 614 3321 ac
629 3280 720 3339 postea
732 3266 767 3321 ad
782 3268 842 3322 Cre·
882 3288 925 3323 uae
938 3266 1044 3323 Claudii
1056 3266 1136 3320 uxori
1148 3278 1246 3337 stupro
1258 3268 1384 3337 illigatum,

327 3363 411 3398 sarem
437 3346 592 3417 transfuga,
619 3346 680 3401 vide
705 3348 840 3414 Dionem,
884 3346 1036 3415 idem‚liB.
1052 3347 1123 3412 ΧΠ,
1138 3366 1168 3417 p.
1187 3365 1255 3417 ¹79·
1271 3348 1353 3399 Esau.

327 3424 375 3479 lib.
390 3424 517 3491 XLVIII,
527 3444 553 3496 p.
570 3426 637 3497 375,
654 3438 680 3479 et
694 3427 842 3481 Sueton.in
924 3428 996 3482 th.
1017 3445 1042 3480 t.
1062 3427 1104 3477 De
1118 3426 1205 3499 quibus
1213 3430 1271 3497 jura
1289 3426 1383 3479 dnh.

329 3504 399 3576 Aug.
409 3524 497 3557 nxxsv.
510 3506 551 3559 De
565 3506 714 3561 Menecrate
723 3505 842 3579 ejusdem
886 3509 927 3563 De
941 3522 1011 3561 terra
1035 3506 1151 3570 Galate,
1167 3505 1343 3579 Clnpnqne,
1354 3502 1385 3555 di·

329 3582 402 3637 Sexti
415 3584 529 3651 liberto,
543 3583 614 3638 idem
626 3586 692 3650 Dio,
701 3606 762 3659 pag.
776 3586 842 3641 385.
887 3600 960 3642 ctum
981 3589 1103 3660 superius
1123 3586 1173 3639 tib.
1185 3586 1225 3653 V,
1242 3606 1300 3659 cap.
1318 3604 1341 3656 7.
1353 3583 1384 3635 Bt

330 3664 371 3717 De
386 3674 503 3737 utroque
517 3666 671 3739 Appianas,
683 3667 749 3721 Bell.
763 3666 842 3721 civit.
886 3668 990 3722 Baleari
1003 3680 1028 3722 et
1041 3666 1201 3734 Ebusitana,
1212 3668 1275 3735 111,
1288 3684 1330 3721 rr.
1339 3664 1368 3716 ll.

720 3870 1008 3899 ψ
