2950 5000
325 434 396 535 596
599 440 640 508 c.
664 438 835 509 smmi
860 442 964 510 nm.
991 440 1116 510 msr.

323 578 366 643 in·
377 571 500 643 caelatis
520 596 575 640 ars
590 584 625 640 et
639 572 782 667 ingenia.
804 574 1058 642 Murrhinorum
1074 587 1108 642 et
1127 570 1366 667 crystallinomm

323 680 466 749 diximus
487 679 651 772 gratiam:
674 678 828 763 uniones,
846 679 937 773 quod
959 678 1087 774 capite⁹
1103 678 1369 761 circumlemntur‚

324 806 463 879 gemmas
479 784 615 879 digitis:
637 783 672 850 in
689 782 843 854 omnibus
863 785 1003 879 denique
1022 783 1093 853 aliis
1115 786 1201 853 vitiis
1214 784 1369 853 ostentatio

325 905 383 959 aut
395 915 473 959 usus
488 887 596 984 placet
608 913 616 957 z
630 889 665 956 in
674 890 815 959 succinis
830 889 1021 960 deliciarum
1037 905 1166 959 tantum
1183 889 1369 959 conscientia.

292 1013 308 1067 3
327 998 494 1065 Domitius
518 992 641 1063 Nero¹⁰
666 996 699 1062 in
720 998 847 1066 caeteris
872 998 947 1065 vitae
968 1021 1036 1064 suae
1056 998 1230 1090 portentis,
1255 991 1372 1089 capillos

326 1126 459 1195 quoque
478 1100 629 1195 conjugis
647 1124 713 1169 suae
731 1103 881 1195 Poppaeae
895 1104 929 1170 in
942 1100 1007 1171 hoc
1020 1126 1144 1170 nomen
1162 1101 1372 1195 adoptaverat,

326 1207 470 1301 quodam
494 1207 594 1275 etiam
615 1208 762 1275 carmine
783 1210 917 1277 succina
937 1206 1147 1302 appellando.
1177 1208 1220 1276 Et
1239 1207 1373 1301 quoniam

326 1311 425 1381 nullis
441 1312 529 1381 uitiis
543 1311 663 1380 desunt
677 1313 821 1406 pretiosa
834 1315 992 1401 nomina,
1013 1339 1054 1382 ex
1071 1338 1111 1382 eo
1126 1314 1243 1382 tertius
1260 1310 1374 1407 quidam

326 1418 382 1487 hic
405 1416 496 1487 colos
505 1415 528 1440 ¹¹
552 1419 654 1511 coepit
674 1419 783 1512 expeti
804 1442 823 1486 a
846 1421 1014 1517 matronis.
1045 1422 1136 1488 Usus
1158 1434 1269 1487 tamen
1289 1416 1375 1485 sueci-

327 1548 448 1591 norum
468 1523 636 1591 invenitur
654 1519 769 1617 aliquis
784 1525 817 1592 in
833 1524 997 1594 medicina
1016 1550 1023 1592 ε
1045 1524 1186 1593 sednon
1205 1525 1249 1593 ob
1265 1524 1322 1591 hoc
1337 1520 1375 1589 le·

327 1629 425 1697 minis
434 1627 575 1722 placent.
590 1628 778 1723 Infantilpus
788 1629 957 1725 adalligari
967 1629 1101 1699 amuleti
1113 1632 1243 1699 ratione
1256 1628 1376 1725 prodest

328 1732 535 1804 Callistratus
551 1748 585 1802 et
604 1736 801 1829 cuicumque
814 1738 902 1805 aetati
919 1752 1035 1805 contra
1046 1734 1289 1829 lymphationes
1297 1731 1375 1828 prod·

327 1864 399 1909 esse
412 1838 526 1922 tradit,
540 1852 574 1907 et
584 1841 688 1908 urinae
699 1838 948 1911 difficultatibus
962 1858 1095 1937 potum,
1110 1840 1378 1936 adalligatumque.

329 1947 393 2015 Hic
413 1960 446 2019 et
466 1943 689 2013 differentiam
715 1971 836 2015 novam
856 1945 984 2033 attulit,
1010 1944 1210 2042 appellando
1237 1942 1379 2039 chrysele-

329 2052 550 2145 ctrum‚quasi
559 2048 678 2119 coloris
687 2050 816 2137 aurei¹¹‚
827 2067 860 2122 et
873 2054 1034 2122 matutino
1045 2054 1221 2147 gratissimi
1232 2064 1379 2145 aspectus,

329 2158 581 2252 rapacissimum
606 2158 750 2252 ignium,
774 2172 807 2227 et
834 2159 861 2227 si
875 2158 970 2250 juxta
988 2158 1127 2243 fuerint,
1152 2156 1319 2227 celerrime
1339 2180 1380 2222 ar·

265 2350 270 2359 Ι
296 2264 479 2343 tdescens.
505 2266 578 2331 Hoc
597 2261 683 2332 collo
701 2262 929 2358 adalligatum,
950 2264 1074 2333 mederi
1093 2264 1242 2333 febribus
1259 2278 1292 2332 et
1307 2285 1382 2331 mor-

331 2370 382 2439 bis
405 2394 412 2435 ε
439 2370 553 2437 tritum
575 2394 652 2437 cum
680 2367 777 2438 melle
800 2394 839 2437 ac
860 2387 1012 2455 rosaceo,
1038 2370 1169 2438 aurium
1189 2372 1297 2440 vitiis:
1316 2364 1383 2435 etsi

331 2501 408 2545 cum
427 2472 524 2543 melle
545 2475 657 2544 Attico
678 2488 886 2561 conteratur,
909 2473 1082 2546 oculorum
1105 2502 1239 2571 quoque
1256 2472 1383 2574 obscuri·

333 2580 464 2650 tatibus.
476 2579 646 2649 stomachi
654 2583 754 2649 etiam
763 2567 876 2650 vitiis¹³
885 2580 936 2651 vel
950 2605 1010 2676 per
1020 2582 1168 2651 sclarina
1179 2583 1251 2676 ejus
1260 2593 1383 2674 sumpta,

333 2685 385 2756 vel
404 2711 481 2755 cum
502 2685 662 2754 mastiche
679 2711 720 2754 ex
742 2702 936 2782 aquaputa.
962 2689 1104 2756 Succina
1127 2691 1229 2757 etiam
1248 2686 1383 2782 gemmis,

333 2817 408 2887 quae
427 2805 504 2861 sunt
522 2789 748 2874 translucidae,
771 2791 995 2861 adulterandis
1016 2818 1177 2886 magnum
1203 2795 1321 2862 habent
1342 2789 1384 2856 lo-

334 2923 423 2980 cum,
434 2898 576 2966 maxime
592 2898 799 2992 amethystis,
810 2923 913 2993 quum
928 2899 1030 2981 omni,
1041 2890 1234 2969 ut'diximus
1244 2887 1278 2982 ¹⁴,
1291 2893 1385 2966 colore

334 3006 515 3098 tingantur.

302 3153 314 3186 x
389 3112 487 3178 x111.
512 3111 565 3178 De
585 3107 736 3208 lyncurio
762 3111 911 3203 proxime
931 3109 996 3179 dici
1020 3111 1110 3205 cogit
1129 3125 1302 3180 auctomm
1321 3130 1382 3202 pcr-

376 3295 404 3346 9.
413 3276 489 3346 Quod
494 3277 783 3346 capltccr‘rcumfirumur.
795 3279 847 3329 An·
890 3277 968 3338 deus,
984 3277 1032 3329 lib.
1049 3275 1083 3329 de
1094 3277 1192 3350 Lapid.
1207 3291 1274 3351 pret.
1285 3297 1335 3348 cap
1348 3291 1382 3343 ¹7·

334 3355 410 3410 ribus
421 3353 553 3409 videlicet.
565 3355 655 3409 Hann.
891 3357 928 3408 H.
945 3387 981 3398 -
997 3355 1197 3427 chryselectrum.
1220 3359 1276 3412 Hoc
1295 3357 1382 3426 chryse·

379 3453 420 3487 ro.
438 3435 656 3488 Domitius-Nero.
665 3433 736 3488 Vide
748 3437 847 3489 Aucto·
892 3436 1003 3489 lectrum
1017 3455 1098 3489 aureo
1109 3439 1200 3496 colore
1213 3451 1338 3508 mutans,
1349 3443 1382 3484 est

335 3533 396 3568 rum
408 3512 538 3568 Iudicem.
553 3513 586 3565 H.
597 3545 638 3556 -
647 3513 750 3566 Succr'm
768 3515 848 3587 appel·
891 3515 1049 3585 hyacinthus
1058 3534 1089 3568 ex
1098 3517 1160 3568 albo
1168 3513 1382 3582 flarcscmsl'lim·

336 3593 419 3646 lando.
434 3594 507 3646 Brot.
517 3611 549 3645 ex
560 3594 642 3664 chg.
653 3593 729 3646 MSS.
745 3607 771 3646 et
783 3593 847 3648 edit.
891 3596 970 3646 cintlrc
980 3596 1041 3647 d'un
1054 3595 1124 3647 blanc
1133 3595 1258 3666 jauntitrc.
1269 3596 1340 3648 Bnor.
1348 3619 1381 3633 -

336 3672 461 3746 principe
472 3674 578 3724 succinos
589 3673 677 3744 appell.
689 3673 741 3726 En.
894 3673 1035 3727 Gratissimr'
1061 3688 1178 3744 aspectm.
1204 3675 1283 3729 Gron.
1302 3685 1324 3725 et
1345 3669 1381 3720 ll·

380 3770 423 3805 11.
437 3753 531 3804 Tertius
540 3752 638 3821 quidam
648 3753 688 3803 lu'c
700 3752 773 3804 colos.
787 3751 849 3805 Post
892 3765 953 3806 autc
964 3753 1047 3807 Hard.
1064 3758 1203 3823 gratr'ssr'mc
1216 3765 1309 3824 aspectu
1322 3749 1367 3801 En·

335 3851 444 3896 aurum,
466 3843 493 3882 et
516 3830 646 3883 uniones:
668 3849 727 3903 quac
750 3831 848 3902 pariter
937 3827 1378 3898 13.Sromaclteumatts.1dqm

337 3911 687 3981 matroncgcstant.llaan.
891 3930 945 3983 que
953 3911 987 3965 de
996 3931 1044 3965 sno
1055 3913 1153 3966 electro
1162 3906 1380 3984 expompavit»

361 3996 364 4000 ’
381 4007 425 4043 12.
437 3989 798 4062 ciquammqaastcoara
808 4009 849 4042 au-
892 3990 1024 4056 scoridcs‚
1039 3992 1085 4044 lib.
1096 3993 1139 4058 11,
1150 4011 1209 4064 rap.
1221 4011 1274 4045 roo.
1284 3991 1361 4041 Hran.

337 4071 380 4121 Μ’.
393 4067 457 4123 Haec
467 4066 561 4121 iisdem
573 4069 627 4122 fere
638 4069 725 4122 serbis
739 4069 848 4122 Marlso·
936 4077 979 4135 14.
994 4071 1028 4123 ta
1037 4072 1149 4127 dicimus.
1161 4074 1219 4126 Hoc
1230 4071 1282 4142 ipso
1291 4083 1341 4136 cup·
1349 4061 1375 4113 ll
