2950 5000
297 442 340 510 3u
570 447 608 512 (..
638 445 806 513 PLlNll
835 446 941 526 er'l.
972 446 1102 513 ΗΙΒΓ.

297 578 442 672 quinque
462 575 632 645 librorum.
655 578 732 646 Piso
757 563 878 670 Frugi⁵
900 575 1003 646 filium
1022 603 1062 646 ex
1081 581 1212 674 private
1232 589 1383 714 pecunia

296 682 459 753 donavit:
475 707 615 776 cumque
634 707 796 752 coronam
812 696 1013 754 testamento
1026 709 1057 754 er
1049 675 1290 781 praeleguvitb

264 813 274 847 ι
348 792 427 858 Xll.
452 781 544 876 (ιιι.)
566 791 716 858 Deorum
745 814 826 858 vcro
850 789 1001 859 honori
991 815 1026 858 ιιι
1049 795 1150 862 sacris
1175 793 1258 864 nibil
1280 796 1380 867 aliud

296 897 518 989 excogitatum
528 909 594 980 est,
608 920 707 989 quum
722 910 759 964 ut
774 891 901 965 auratis·
915 897 1073 966 cornibus
1084 898 1380 996 hostiae,majores

294 1000 464 1070 dumtaxat
474 1000 496 1085 ¹,
511 1001 773 1070 immolarentur.
788 1003 854 1070 Sed
869 1004 904 1070 in
918 1003 1034 1072 militia
1047 1029 1179 1098 quoque
1190 1009 1222 1075 in
1239 1022 1378 1080 tautum

215 1139 219 1146 ’
294 1106 439 1176 adolevit
461 1107 532 1177 htec
557 1106 705 1194 luxuria,
726 1123 764 1177 ut
786 1111 835 1178 Μ.
858 1111 1008 1182 Brutiin
1031 1109 1221 1206 Philippicis
1243 1119 1378 1210 campis

294 1213 440 1307 epistolae
470 1215 680 1308 reperiuntur
713 1214 908 1303 frementes,
943 1214 1062 1286 fibulas
1089 1219 1305 1290 tribunicias²
1329 1248 1376 1292 ex

337 1383 363 1438 5.
387 1384 445 1436 Piso
467 1385 554 1454 Frugi.
578 1385 628 1438 Cui
652 1385 685 1438 rb
708 1385 807 1455 insigni
851 1384 969 1454 Jupiter,
988 1383 1057 1458 bove
1069 1386 1194 1440 cornibus
1207 1405 1274 1440 curo
1287 1389 1375 1444 deco·

294 1464 443 1533 frugulitete
458 1465 712 1534 cognomenveler.
733 1465 805 1516 illex.
851 1465 917 1516 ratis
929 1482 1058 1518 vovemut
1072 1482 1128 1517 erse
1143 1466 1273 1522 futurum.
1288 1494 1300 1517 ι
1318 1471 1375 1525 Ve-

293 1545 339 1597 lib.
357 1547 408 1609 IV,
425 1563 482 1616 esp.
499 1544 533 1609 3,
549 1562 625 1598 ιιιιιιι.
645 1561 699 1598 ro:
725 1571 736 1592 ι
756 1544 805 1596 1²·-
851 1555 893 1596 tus
911 1544 1051 1614 inscriptio
1071 1543 1193 1599 Fratrum
1209 1549 1372 1618 Arvalium,

292 1625 398 1678 biorum
434 1638 460 1678 et
490 1623 600 1693 Ogulnii
632 1623 805 1678 continentia
851 1621 924 1693 opud
943 1624 1023 1677 Grut.
1043 1641 1122 1676 nove.
1143 1645 1257 1681 uruuro.
1281 1649 1371 1683 ιοιιι.

291 1705 467 1776 Calpurnium
482 1704 606 1756 Pisonem
623 1703 651 1755 in
670 1704 804 1757 consimili
848 1720 910 1756 utvs.
925 1722 994 1756 essu.
1009 1706 1300 1777 rvrvnvrrNirgilius:
1314 1710 1371 1765 nEt

290 1803 389 1853 genero
410 1783 497 1840 laudis
515 1782 641 1838 centulum
663 1785 744 1836 fuisse
760 1802 803 1836 res
848 1795 964 1836 statuunt
989 1795 1051 1834 ente
1075 1801 1133 1836 uras
1156 1799 1246 1839 eurota
1273 1789 1370 1844 fronte

290 1865 345 1936 ipsa
366 1863 527 1918 documento
543 1877 581 1917 est
597 1883 603 1916 :
620 1865 713 1916 consul
727 1864 802 1934 gravi
843 1864 999 1932 juvencum.
1011 1888 1023 1908 ι
1037 1861 1213 1930 Prudentius,
1227 1866 1324 1936 hymn.
1336 1870 1367 1925 in

288 1944 463 2014 lugitivorum
479 1944 550 1996 bello
566 1961 580 1996 n
594 1961 622 1996 se
636 1943 744 1996 liberata
760 1942 801 1994 Si·
846 1943 874 1993 S.
889 1944 1058 2006 Romanum,
1073 1959 1140 1993 veru
1159 1962 1228 1998 ιοιι
1247 1963 1255 1998 .·
1272 1973 1284 1994 ι
1300 1949 1366 2004 Huc

288 2025 347 2077 cilio
357 2063 364 2087 ,
375 2043 435 2086 eos,
446 2041 560 2094 quorum
571 2023 706 2092 precipuo
718 2041 801 2093 opera
845 2033 937 2075 taurus
957 2021 1065 2092 ingens,
1081 2023 1171 2076 fronte
1184 2037 1260 2078 torva
1273 2039 1300 2080 et
1317 2027 1365 2080 lii·

288 2123 348 2157 usus
361 2105 460 2166 suernt,
473 2103 645 2172 imperatorio
660 2120 734 2154 more
751 2099 801 2154 do·
844 2099 920 2169 spida
930 2139 938 2163 ,
949 2101 1033 2155 Sertis
1049 2102 1185 2156 revinctus
1198 2117 1243 2156 eut
1255 2124 1305 2175 per
1319 2127 1365 2162 ur-

287 2186 326 2238 nis
345 2185 573 2256 prosequebatur:
598 2182 667 2234 iuter
682 2200 751 2253 quos
771 2181 801 2234 fi·
842 2197 902 2256 tuos
923 2179 1029 2244 floreis,
1049 2183 1102 2234 Aut
1117 2181 1254 2252 impeditio
1269 2189 1363 2240 corni·

285 2264 349 2317 lium
367 2282 442 2316 suum
459 2261 634 2329 locisoliquot
650 2262 798 2331 preliatum
842 2259 892 2312 bus
914 2258 1076 2314 deducitur:
1094 2261 1150 2313 Nec
1168 2281 1223 2316 uon
1243 2277 1272 2317 et
1291 2285 1362 2321 outo

286 2345 442 2409 fortissime,
463 2342 539 2396 titulo
564 2342 644 2394 trium
667 2341 799 2394 librorum
842 2339 916 2392 l'rons
945 2352 1065 2392 coruscat
1095 2340 1205 2407 hostire,
1235 2357 1359 2417 cetusque

283 2443 369 2478 aurete
384 2441 492 2476 coronet
503 2420 655 2474 decoravit:
672 2421 797 2491 prefatus
841 2419 931 2489 fulgor
947 2418 1085 2472 bracteolis
1101 2420 1193 2474 inlicit.
1210 2448 1222 2469 ι
1237 2423 1361 2480 Minores

282 2523 337 2557 non
349 2502 797 2575 oportereanregistretuepublice
840 2499 933 2552 bostire
952 2513 1028 2553 erunt
1050 2512 1153 2553 tantum
1172 2517 1304 2558 coronate
1324 2506 1360 2558 il·

282 2588 392 2655 pecunia
402 2584 519 2654 erogari,
531 2580 605 2654 quod
616 2583 644 2634 in
656 2582 738 2651 ipsius
749 2579 797 2633 do·
839 2580 890 2631 lius
902 2579 946 2631 dei
958 2578 1069 2646 fronde,
1083 2581 1128 2633 cui
1140 2600 1245 2636 sacrum
1264 2584 1364 2641 fiebat,

282 2683 355 2717 mum
366 2662 516 2717 rediturum
536 2674 623 2713 esset:
640 2672 796 2732 tentumque
839 2658 931 2711 Ηιιιιι.

281 2743 407 2813 ponderis
417 2762 445 2795 su
459 2754 615 2795 testamento
631 2738 795 2793 adolescenti
882 2760 908 2791 ².
922 2738 957 2791 Ut
965 2739 1003 2791 Μ.
1013 2740 1088 2791 Bruti
1096 2743 1122 2791 ιἰι
1132 2740 1275 2811 Philippicis
1286 2762 1355 2797 cam·

149 2830 167 2883 “,
280 2823 429 2894 legeturunr
447 2821 570 2893 promisit
588 2838 594 2872 ι
617 2833 644 2874 ut
661 2819 792 2871 bonorem
833 2819 987 2888 pisepistoloe
996 2822 1145 2887 reperiantur
1148 2820 1280 2885 frementes
1283 2822 1356 2891 fibn-

280 2904 395 2963 adure,
411 2905 524 2975 pretium
543 2920 557 2951 u
574 2912 649 2971 patre
666 2899 793 2970 privatim
836 2898 874 2950 las
888 2898 1046 2960 tribunicias,
1062 2911 1113 2951 eto.
1136 2898 1271 2971 Plutppis,
1294 2922 1354 2958 non

279 2984 449 3053 occiperetn
438 2983 553 3033 ι.Ηιιιι
836 2978 993 3048 Philippicis,
1007 2978 1034 3030 iu
1047 2978 1312 3049 apogrupbouoctrm
1326 2997 1356 3039 et

320 3068 348 3117 6.
376 3064 485 3133 Eamque
512 3078 623 3113 coronam
652 3069 792 3110 testamento
836 3058 963 3129 aptiorem
987 3056 1129 3109 lectionem
1152 3056 1276 3113 ducimus
1294 3063 1353 3129 fre·

279 3145 336 3212 reip.
358 3142 454 3210 legavit.
476 3141 509 3192 In
530 3136 666 3202 rodem,
655 3154 791 3207 eumque
835 3140 920 3188 meritis
934 3154 1013 3207 quam
1024 3137 1179 3203 frementes:
1200 3151 1230 3190 ut
1249 3140 1352 3195 refere-

278 3240 403 3275 coronuu
415 3240 445 3273 ex
458 3231 615 3273 testamento
630 3216 791 3287 populoro
834 3198 882 3269 tur
897 3214 930 3269 ed
952 3216 1075 3267 Brutum.
1096 3216 1176 3271 Puer.
1194 3220 1351 3273 —Fibulus

278 3320 356 3355 muno
370 3302 511 3371 legavit,
528 3297 674 3369 postposito
688 3314 791 3367 prtepo-
834 3295 983 3347 tribunicios
990 3293 1127 3365 διςιιιι,1
1107 3296 1353 3369 srvecblumydem

276 3382 381 3434 sitione.
399 3382 477 3433 Ptttu.
494 3410 534 3421 —
546 3377 701 3444 Proelegavit.
719 3382 789 3429 bute
832 3394 879 3427 seu
893 3392 1064 3446 quocumque
1077 3376 1185 3429 nomine
1198 3378 1252 3430 ulio
1268 3381 1351 3433 resti-

276 3462 382 3524 omniu,
393 3473 419 3513 ct
430 3460 519 3529 priore
532 3458 590 3509 loco
605 3455 715 3526 legavit:
728 3454 788 3517 vel,
833 3469 952 3507 mentum
973 3454 1089 3506 militare
1108 3455 1238 3525 appellari
1257 3458 1348 3524 lubet,

275 3540 398 3610 privetim
424 3538 529 3609 legeuit.
534 3536 622 3587 *Usus
648 3534 698 3586 boo
722 3552 788 3587 voce
833 3533 914 3586 libulu
930 3533 1092 3586 inhumeris
1107 3535 1247 3589 nectebat:
1263 3540 1348 3610 vulgo

275 3620 373 3671 Paulus
381 3619 460 3689 ,bip
473 3617 520 3669 lib.
536 3615 638 3679 XXXI,
650 3613 689 3665 tit.
706 3632 730 3667 t.
747 3615 787 3666 De
831 3614 956 3682 egressum
970 3611 1093 3665 dicimus
1117 3614 1179 3666 Non
1199 3614 1269 3669 illud
1286 3620 1348 3688 qui-

276 3699 380 3769 legotis,
393 3699 455 3767 Leg.
474 3697 500 3748 Il
510 3697 575 3763 ,.87
590 3692 681 3745 Hono.
831 3689 893 3743 dem
914 3704 959 3744 aut
986 3691 1165 3745 nobilitatis
1157 3694 1272 3765 turigue,
1298 3712 1348 3751 out

315 3780 415 3830 ΧΙΙ.ι.
433 3776 583 3845 rillrjores
552 3773 685 3824 domme.
698 3770 721 3823 F.
736 3772 785 3823 bu·
832 3768 997 3835 tribunatus,
1020 3783 1050 3825 ut
1070 3772 1228 3843 quibusdum
1257 3776 1345 3831 virum

275 3856 338 3909 bulo
364 3874 468 3929 genere
492 3852 631 3912 Tibullus,
659 3851 707 3903 lib.
733 3849 784 3914 lV,
828 3863 883 3913 est,
899 3849 946 3905 sed
963 3852 1287 3923 necessitatequtesitum.
1298 3876 1342 3909 or-

275 3938 366 3991 Cot-m.
378 3939 401 3999 Ι,
409 3955 436 4006 p.
447 3936 539 3989 3882·
546 3930 784 4001 Semperiucureto
828 3942 905 3983 natus
921 3931 1020 4001 grstia,
1035 3944 1066 3983 ut
1081 3950 1112 3983 ex
1127 3946 1237 4003 argento
1255 3935 1340 4001 soret,

275 4028 364 4069 tuurus
382 4014 453 4068 cudit
473 4012 560 4067 hostin
577 4030 696 4065 cornua
715 4010 783 4061 Ter·
829 4010 870 4061 rel
892 4028 971 4063 euro.
999 4008 1182 4065 Paludumenti
1205 4012 1261 4064 sive
1287 4016 1343 4086 sagi

179 4132 183 4147 .
273 4099 331 4154 tull.
349 4098 394 4151 lib.
409 4095 443 4149 de
457 4096 677 4157 Cononem:
691 4088 784 4155 -Tibi,
828 4089 933 4141 iconem
945 4107 1006 4142 cunr
1019 4088 1102 4143 fibula
1115 4090 1176 4144 ride
1187 4089 1259 4163 opud
1274 4092 1340 4146 Fer·
