2950 5000
409 414 565 483 urana
588 416 789 485 xxxvn.
1065 410 1136 509 593

100 530 189 629 tioa⁶⁷,
213 558 364 639 totusque
388 546 486 615 unius
512 530 608 615 diei⁶⁸
628 561 808 641 apparatus
835 559 964 615 casote
992 545 1136 615 succino.

98 650 255 719 Marinum
277 650 409 746 pondus
431 653 458 720 is
482 650 586 746 glehae
601 652 712 721 ittulit
725 677 796 723 1111
815 650 973 719 librarum
983 636 1020 719 ⁶⁹.
1036 651 1138 721 Nasci

98 756 163 823 etin
177 756 264 825 India
279 772 406 825 certum
423 756 513 827 est⁷⁰.
528 757 754 845 Archelaus⁷¹,
769 758 827 851 qui
842 759 993 852 regnavit
1005 758 1039 825 in
1055 761 1138 851 Cap

98 860 233 953 padocia,
255 860 344 933 illinc
372 864 471 956 pineo
495 861 651 934 cortice⁷²
676 864 857 943 inhaerante
887 862 988 933 tradit
1018 862 1139 932 advehi

96 1112 163 1167 bullo.
174 1114 279 1168 fletibus
296 1128 382 1169 totum
397 1114 585 1187 amphitheatri
628 1134 696 1189 veru
712 1135 765 1189 qna
784 1116 974 1183 evehebantur,
993 1115 1022 1169 in
1040 1114 1142 1186 amphi-

95 1192 586 1264 podinmprutendehaturadarcendas
627 1194 1141 1249 theatroLibitineusemideovocabaut.

95 1272 157 1325 feru.
168 1272 296 1328 Sim-
309 1274 420 1327 Polliam.
435 1276 467 1325 In
481 1274 585 1327 theatro
628 1275 836 1340 Quintilianus„
845 1275 1062 1329 Sonabantlerali
1072 1274 1143 1328 clan-

95 1351 242 1417 blenianuua,
253 1354 344 1407 locum
359 1351 394 1406 ad
409 1350 584 1424 spectandum
629 1373 691 1426 gone
706 1356 793 1420 tohu,
808 1355 938 1425 illatisque
954 1354 1069 1407 libitintsx
1078 1353 1142 1407 toris

95 1428 295 1504 idoumm,cujus
303 1450 365 1503 pars
374 1434 586 1504 magiaprovccta
629 1431 777 1486 ducebatur
798 1432 878 1486 sunus
901 1445 964 1485 aute
990 1446 1112 1486 mortem.
1126 1455 1138 1479 υ

144 1515 150 1524 ”
210 1509 334 1565 dicitnr:
361 1537 372 1559 ι
391 1512 480 1575 Nero,
499 1512 588 1582 inquit
629 1513 851 1565 Lusius-Et
863 1512 967 1564 libitina.
982 1514 1078 1565 Lectus
1089 1530 1142 1581 quo

145 1590 229 1655 onius,
237 1609 348 1662 perraro
355 1588 428 1644 ludis
436 1589 586 1660 praesidere,
629 1590 785 1663 gladiatores
801 1592 828 1643 iu
848 1610 926 1645 arena
940 1591 1039 1645 mortui
1056 1591 1143 1645 statim

93 1680 198 1721 totunm
214 1670 345 1723 accubans
364 1670 482 1739 primum
497 1670 586 1741 parvis
630 1671 820 1736 efferebantur,
843 1669 959 1725 Libitina
981 1669 1141 1723 dicebatur:

93 1747 262 1810 foraminibus,
276 1747 376 1803 deiude
384 1760 441 1801 toto
447 1747 533 1820 podio
542 1747 587 1802 sd·
630 1750 756 1821 quonium
774 1750 802 1801 iu
816 1747 872 1801 tede
888 1748 1013 1802 Libitinae
1027 1747 1083 1801 desa
1097 1764 1145 1819 pa·

74 1883 77 1888 ,
93 1839 167 1896 aperto
177 1841 294 1898 spectare
305 1840 485 1882 consueverat.
495 1853 507 1875 ι
515 1829 585 1881 Du..
629 1840 754 1882 rorantur
764 1828 853 1881 omnis
867 1828 1010 1882 timueris
1023 1826 1058 1881 ad
1071 1828 1145 1881 lune·

91 1906 232 1961 -Podr'uei.
243 1908 403 1972 Orchestra,
412 1906 503 1979 inqua
512 1918 588 1961 erant
630 1909 706 1961 brem
717 1920 880 1980 apparatum.
895 1906 1026 1973 Horatius,
1036 1908 1082 1961 lib.
1092 1906 1145 1971 111,

92 1998 223 2039 tenatorum
244 1986 380 2059 designata
402 1986 474 2050 loca,
496 1987 587 2039 Romu
630 1986 675 2041 od.
687 1988 737 2040 ult.
754 2013 765 2035 ι
779 1987 921 2056 Multaque
932 2004 994 2057 pars
1005 1985 1145 2040 mciVita·

91 2064 149 2119 iuter
162 2084 257 2119 euneos
278 2079 306 2119 et
326 2082 430 2119 scenam
449 2066 587 2134 interjecta
628 2067 670 2120 hit
678 2066 854 2119 Libitinam.»
870 2066 962 2117 Hran.

91 2158 149 2211 erat,
161 2144 295 2215 praeducta
306 2163 384 2197 muro
395 2142 490 2215 pedem
503 2162 587 2197 unum
670 2148 716 2201 68.
736 2146 857 2216 Totusqoe
869 2148 939 2197 unius
948 2144 1006 2198 diei.
1020 2142 1143 2205 Solinus.

90 2222 227 2295 alto,quod
241 2223 354 2297 podium
368 2222 507 2277 dicebatur
519 2241 527 2275 ε
539 2223 587 2294 qui
630 2242 689 2297 cap.
703 2244 751 2290 xx,
761 2242 822 2294 pag.
835 2230 880 2287 do.
892 2224 984 2277 Hsno.

91 2318 169 2355 nurus
189 2304 321 2364 autumnis
344 2316 397 2356 tres
423 2300 503 2374 pedes
527 2302 587 2355 altis
671 2308 716 2372 69.
733 2304 899 2357 Maximum...
916 2307 937 2355 b
957 2302 1036 2373 gleboe
1061 2302 1145 2355 attulit

90 2383 227 2449 ornabatur,
244 2383 347 2455 quibua
365 2394 527 2453 spectatores
545 2381 588 2433 in·
630 2384 705 2436 xm
717 2384 841 2435 librarum.
857 2384 916 2435 Hoc
929 2395 983 2447 est,
996 2382 1089 2435 Solino
1102 2382 1145 2435 in·

90 2460 132 2516 uiti
150 2476 262 2535 possent.
284 2462 349 2516 Erat
370 2462 503 2517 orchestra
530 2479 589 2532 gra·
632 2475 764 2535 repsere,
794 2463 845 2517 loc.
875 2463 921 2516 cit.
947 2480 1001 2516 xm
1030 2460 1146 2516 millium

89 2537 160 2596 duum
175 2543 348 2614 qrratuoisot
362 2540 588 2613 quinque,longa
630 2542 771 2596 librarum.
799 2543 912 2596 Massam
943 2542 1044 2596 succini
1075 2559 1145 2614 equo

88 2618 213 2675 dimidiam
232 2641 320 2676 scene
344 2635 456 2692 partem
483 2618 588 2673 Gradus
631 2625 760 2694 majorem
776 2620 809 2674 ad
822 2623 896 2676 littus
904 2621 1079 2676 Schetlandiaa
1095 2639 1144 2692 ap·

88 2699 216 2755 orchestrae
235 2700 409 2772 dignissimus
432 2701 502 2752 imus
522 2699 589 2764 tuit,
632 2703 730 2773 pulisse
749 2700 893 2773 aliquando
906 2699 1026 2771 prodidit
1045 2701 1145 2754 Hector

87 2777 159 2848 podio
168 2782 321 2852 proximus,
333 2793 361 2832 et
372 2797 465 2834 seeum
475 2780 590 2832 luvena-
632 2781 754 2844 Boetius,
766 2781 795 2832 in
810 2781 878 2834 Hist.
897 2781 1048 2835 Scotorum.
1067 2779 1103 2832 Η.

87 2857 125 2918 lit,
144 2862 236 2931 Satyra
258 2861 302 2922 11,
323 2877 401 2912 versu
423 2857 476 2923 145
501 2877 508 2910 :
528 2883 540 2906 ι
554 2858 590 2910 Et
673 2879 719 2929 7⁰·
732 2860 811 2912 Nasci
823 2873 848 2911 et
865 2863 890 2910 isa
909 2859 982 2912 ludia
999 2871 1088 2911 certum
1101 2870 1145 2911 est.

88 2935 233 3007 Capitolinis
248 2939 411 3010 generosior,
430 2951 458 2991 et
475 2937 589 2990 Marcel·
632 2927 757 2992 Fortassis
767 2937 850 2991 India
858 2939 978 2991 Tartari·
990 2939 1144 3008 septentrio·

85 3015 420 3088 tis‚lttcauti,t>sutique
431 3015 590 3082 minorihus,
631 3017 693 3072 nali.
714 3017 816 3069 Danao.
833 3049 873 3060 -
888 3017 1002 3071 Nesciet
1018 3019 1043 3068 in
1062 3017 1144 3069 India.

87 3107 109 3148 et
123 3097 220 3160 Fabiis,
236 3111 264 3151 et
277 3096 413 3149 Omnibus
428 3094 464 3149 ad
476 3095 589 3166 podium
633 3097 752 3160 Solinus,
767 3113 824 3166 cap.
842 3115 891 3158 xx,
905 3113 963 3166 pag.
983 3101 1030 3158 ⁴¹3
1043 3095 1145 3148 Ctesias

85 3178 256 3246 spectantibus
270 3195 278 3228 z
292 3176 334 3228 bis
349 3176 412 3229 licet
427 3175 517 3244 ipsum
533 3172 589 3228 dd·
632 3175 780 3240 inludicis,
792 3173 863 3245 apud
874 3174 1014 3239 Photium,
1025 3171 1086 3228 cod.
1099 3173 1145 3244 73,

85 3273 200 3321 moveas,
218 3259 297 3328 cujus
314 3267 379 3308 tunc
398 3272 508 3306 munere
522 3254 588 3307 retia
631 3274 692 3326 pag.
710 3254 774 3308 152.
790 3253 882 3306 Haan.

85 3335 158 3387 nisit.
173 3361 185 3382 ι
202 3335 238 3388 Η.
259 3333 412 3386 -Sueciao
433 3333 587 3386 modulantur.
672 3351 720 3404 7¹·
734 3333 879 3386 Archelaus.
897 3333 980 3404 Cujus
991 3349 1102 3402 regnum
1116 3329 1146 3384 in

84 3413 124 3467 Sic
134 3415 212 3470 MSS.
224 3416 293 3486 Reg.
309 3434 340 3478 a,
352 3413 430 3468 Colb.
443 3413 471 3478 3,
481 3411 588 3483 aliique.
633 3409 1145 3483 formamprovinciae'l'iberiuaredegit,
1190 3461 1195 3470 ,

84 3490 166 3548 lisam
634 3505 665 3545 ut
674 3491 817 3544 Suetonius
826 3489 961 3562 prodidit,
972 3509 995 3542 c.
1008 3506 1098 3544 xxxrr.
1109 3490 1145 3542 H.

120 3575 164 3644 67.
176 3574 297 3644 Libiuiao.
305 3575 455 3643 Apparatus
461 3569 590 3635 funebris,
674 3591 722 3641 7²·
734 3571 811 3624 Piraeo
819 3575 913 3624 cortice.
922 3571 1023 3624 Vocem
1031 3575 1103 3640 praec
1113 3586 1146 3621 ex

84 3649 190 3713 metra,
209 3651 371 3724 sandapila,
389 3663 430 3715 et,
451 3662 482 3702 ut
503 3650 591 3720 iuquit
633 3650 710 3704 MSS.
721 3647 879 3704 rddidirnus.
887 3649 993 3702 Solinus
1002 3649 1147 3720 paraphra-

83 3727 220 3798 Bardulis,
238 3730 382 3784 orcinisnu
399 3727 515 3801 sponda.
536 3729 591 3780 Pu·
633 3741 699 3793 stes,
711 3746 770 3800 cap.
781 3748 827 3793 xx,
842 3746 902 3799 pag.
917 3726 1007 3792 dr,de
1019 3727 1143 3780 succino:

83 3813 194 3880 maturis
217 3808 410 3883 gladiatoribus
434 3809 462 3860 in
485 3825 591 3861 arenam
638 3833 650 3856 ι
666 3806 744 3860 ilude
757 3809 873 3879 primum
889 3807 1005 3860 nascitur
1022 3819 1049 3859 et
1064 3805 1145 3859 corti·

82 3887 186 3945 libitina
196 3891 378 3943 instrumenta
387 3888 551 3945 terebantur,
561 3900 593 3940 ut
635 3905 742 3952 comm,
755 3885 854 3940 deinde
867 3887 1001 3938 incoctum
1015 3883 1093 3957 adipe
1107 3885 1147 3938 ia·

83 3967 241 4040 undapilu,
259 3980 286 4021 et
305 3969 384 4032 lecti,
402 3967 456 4020 sire
477 3966 543 4030 tori,
563 3978 593 4019 ut
635 3966 730 4020 mentis
755 3967 809 4021 suis
836 3965 980 4037 expolitur,
1004 3962 1037 4017 ad
1066 3982 1147 4038 quern

85 4046 591 4136 mortuiprotinuaellerreutur.Portam
636 4043 757 4100 videmus
769 4047 895 4100 nitorem.
912 4071 923 4094 ι
938 4043 1030 4098 Hsan.

152 4147 217 4215 IX.
981 4139 1026 4211 38
