2950 5000
412 433 571 502 LIBER
595 434 786 504 XXXVI.
1068 427 1137 501 523

88 565 196 634 iterum
214 563 377 656 tertioque
392 563 430 632 in
448 563 563 644 meite,
582 565 690 634 donec
705 575 923 634 consumatur
939 560 1074 656 liquor:
1094 564 1138 634 ab
1176 610 1184 627 .

84 669 142 740 diis
158 693 265 765 pruna
284 670 396 763 prius,
412 668 489 739 dein
514 668 631 757 melle,
652 685 687 740 et
704 684 820 764 postea
842 667 1008 754 lavantur,
1030 684 1066 738 ut
1082 693 1137 740 aes.

85 779 160 846 Usus
173 800 290 844 eorum
303 776 340 844 in
352 775 549 846 medicina¹¹
570 776 794 862 excalfacere,
808 776 944 861 siccare,
958 773 1138 861 discutere,

83 881 241 952 humorem
254 895 451 968 extenuare,
463 881 648 952 duritias
614 883 733 952 minias
747 877 916 951 moliire¹².
935 881 1086 950 Utuntur
1103 895 1136 951 ct
1157 912 1170 947 2

84 987 179 1056 crudis
204 989 350 1081 tusisque
371 987 413 1057 ud
436 1001 580 1058 strumas
598 1002 699 1082 atque
720 985 926 1057 furunculos.
948 988 1136 1080 Pyritarum

82 1095 247 1162 etiamnum
261 1090 362 1186 aliqui
375 1117 481 1186 genus
498 1119 605 1164 unum
619 1078 776 1164 saciunt¹¹
780 1147 790 1180 ,
808 1090 989 1188 plurimum
1007 1093 1136 1162 habens

82 1200 168 1291 ignis,
181 1223 265 1294 quos
282 1222 379 1270 vivos
386 1186 637 1294 appellamus
649 1215 684 1270 et
696 1199 974 1295 ponderosissimi
987 1213 1076 1268 sunt.
1092 1201 1137 1267 Hi

81 1303 330 1399 exploratoribus
342 1319 530 1376 castrorum
541 1307 684 1375 murima
697 1306 888 1390 necessarii,
903 1327 960 1398 qut
952 1303 1068 1374 clavo
1082 1304 1135 1374 vel

82 1408 171 1479 altero
180 1409 604 1506 iaprdcpercussrsctnttlias
613 1412 731 1480 odunt:
744 1425 970 1505 quaeexceptae
979 1409 1138 1540 sulphure

82 1531 130 1584 tut
142 1516 249 1610 fungis
263 1516 382 1601 aridis,
399 1515 452 1587 vel
465 1516 569 1602 foliis,
585 1517 677 1586 dicto
688 1516 846 1586 celerius
839 1539 950 1610 iguem
964 1503 1137 1586 trahunt¹⁵

124 1625 249 1691 XXXI.
281 1621 472 1692 Ostracitae¹
489 1623 735 1692 similitudinem
765 1637 857 1691 testae
878 1621 1013 1690 hubent.
1044 1625 1134 1692 Usus
1157 1657 1167 1692 t

116 1819 157 1855 11.
173 1803 236 1856 Ureu
246 1821 326 1854 aarum
342 1806 367 1854 ia
379 1803 507 1856 medicina.
521 1803 586 1857 Dio-
629 1803 837 1875 iffaemproebeat,
852 1815 882 1856 ut
895 1801 970 1856 editi.
981 1803 1074 1874 Ignem
1088 1815 1141 1856 tru-

83 1897 141 1933 soor·
154 1882 206 1934 loc.
225 1881 273 1934 cit.
291 1881 400 1952 Δὺναμιν
421 1879 451 1935 di
473 1885 523 1951 ῐχιι
543 1901 584 1935 κε·
627 1883 704 1947 here,
725 1883 790 1935 scite
805 1881 914 1947 dicitur,
931 1901 982 1952 pro
1001 1883 1139 1954 excipere,

83 1963 188 2031 »aptiae
205 1961 248 2014 sai
270 1963 335 2032 apte
354 1966 514 2032 θερμαντικὴν
535 1969 583 2014 τῶν
627 1963 780 2032 concipere.
796 1962 840 2016 ste
854 1961 904 2014 lib.
921 1961 991 2025 ΧΠ,
1007 1979 1064 2032 cap.
1083 1969 1139 2024 πάι

83 2042 262 2094 irrueremus
276 2043 332 2101 ταῖς
346 2041 430 2111 tuta,
443 2037 586 2111 drapopart·
628 2057 640 2082 ·
653 2041 776 2112 iuniperi
790 2041 877 2093 baccae
891 2041 991 2112 piperis
1005 2041 1060 2093 vim
1073 2041 1141 2094 mire

83 2123 119 2171 xis
133 2139 160 2172 re
180 2123 222 2172 sai
241 2122 368 2177 armes-is
390 2121 583 2192 πληρωμάτων.
625 2121 732 2173 trahere
747 2145 758 2167 ι
774 2137 805 2172 ac
818 2121 961 2173 transferre
972 2119 999 2172 in
1011 2139 1039 2173 sc
1049 2117 1142 2173 dicun·

85 2197 147 2250 aas
156 2210 195 2252 est
205 2197 258 2251 usti
268 2197 404 2268 crudique
413 2199 583 2265 excalfacere,
627 2212 679 2252 tur.
695 2199 779 2252 Libro
791 2197 862 2261 vn,
877 2215 934 2271 cup.
950 2199 984 2252 15
998 2217 1006 2252 :
1018 2221 1029 2242 e
1045 2199 1142 2252 Dentes

83 2277 230 2348 detergere,
251 2277 368 2330 offusam
389 2278 474 2332 ocuiis
492 2279 583 2349 coligi·
626 2278 772 2332 candorem
795 2275 913 2332 trabunt.
930 2304 941 2325 ι
962 2277 1047 2331 Libro
1069 2279 1139 2343 ΧΠ,

83 2373 135 2408 uem
150 2375 313 2428 expurgare,
328 2356 440 2411 duritias
453 2369 482 2411 et
493 2357 584 2411 discu-
624 2375 684 2428 cup.
696 2376 748 2428 27:
760 2383 771 2405 ι
780 2357 903 2412 celeriter
909 2357 989 2411 situm
998 2355 1117 2421 trahens,
1127 2383 1140 2404 ι·

83 2445 142 2496 tere,
156 2447 181 2488 et
192 2450 337 2489 maturum.
354 2460 366 2485 υ
384 2438 416 2489 Ιιι
429 2435 508 2491 MSS.
522 2459 533 2481 ι
548 2437 583 2489 Et
624 2437 678 2491 hoc
691 2449 746 2503 est,
763 2437 933 2490 contrahens.
949 2435 984 2489 Et
1000 2435 1048 2490 tib.
1062 2437 1140 2502 XIV,

82 2512 180 2568 duritias
196 2517 268 2569 iuius
282 2528 394 2569 vertere.
410 2540 422 2564 ι
435 2518 530 2582 Forte,
547 2522 584 2569 ia·
625 2536 684 2589 cup.
698 2536 752 2588 27:
770 2543 782 2567 ι
797 2518 890 2570 vinum
904 2516 1017 2571 odorem
1030 2518 1139 2570 uetuit..

83 2606 121 2646 us.
130 2594 234 2649 Theod.
247 2596 411 2662 Priscianus,
422 2597 470 2649 lib.
483 2598 507 2661 1,
518 2614 541 2650 c.
555 2618 584 2666 9,
624 2598 995 2670 Iterumquecap.19,·nurn.
1008 2596 1022 2650 ⁵
1035 2596 1140 2651 atain

82 2674 123 2725 ati
137 2674 169 2727 de
186 2674 353 2740 furunculis,
367 2676 490 2739 strumis,
508 2674 585 2729 duri·
624 2676 720 2730 vitium
732 2686 975 2749 natura,suporem
987 2676 1102 2729 alienum
1112 2676 1140 2729 in
1171 2705 1174 2716 v

82 2752 170 2825 tiisque
177 2752 360 2808 maturandis:
373 2778 384 2798 ι
393 2756 466 2818 Ηοο,
481 2756 581 2826 inquit,
624 2772 652 2809 se
663 2753 797 2808 trahendi.
811 2782 822 2803 ι
836 2756 915 2809 Plura
926 2752 987 2807 ride
999 2757 1027 2808 in
1037 2752 1141 2809 lodice.

82 2830 141 2901 ispis
159 2834 266 2887 molaris
284 2830 460 2900 fecit,'tnsus
481 2847 507 2888 et
529 2835 584 2889 cri·
665 2836 768 2888 xxxl.
796 2854 821 2888 r.
849 2837 990 2903 Ostracitoe,
1017 2826 1139 2905 ὀςτρὶτην

83 2910 196 2977 beilstus,
205 2912 334 2967 etresinte
342 2914 513 2967 commixtus.
525 2938 537 2960 ι
548 2914 583 2969 H.
624 2928 702 2967 vocat
712 2914 838 2985 Orpheus
850 2914 897 2967 lib.
911 2914 966 2985 arpi
975 2914 1056 2967 λίθων.
1068 2914 1139 2967 Der..

118 3008 160 3045 rs.
173 2994 211 3045 Er
222 2992 327 3045 duritias
338 2996 423 3044 airaias
437 2994 537 3044 mollire.
550 2994 583 3046 Iu
624 3026 664 3036 -
680 2994 820 3046 Ostraeitoe.
836 2991 963 3047 Totidem
976 2988 1065 3045 verbis
1076 2992 1141 3045 Dio-

81 3074 223 3143 apographo
236 3084 331 3125 nostro
344 3090 352 3124 :
365 3094 377 3116 ι
389 3086 417 3124 et
429 3070 541 3125 durities
552 3072 581 3125 in
625 3071 758 3137 scorides,
778 3072 825 3125 lib.
843 3074 880 3135 V,
900 3090 958 3144 cap.
974 3072 1027 3125 165
1046 3088 1053 3123 τ
1069 3074 1139 3132 Δίους

81 3149 119 3216 jas
136 3164 243 3205 vertere.
263 3176 275 3199 s
298 3150 474 3204 scribendum
494 3151 582 3217 forte,
624 3152 755 3222 ὅςρακίτης
776 3152 856 3222 dpatdc
874 3154 924 3212 ictu
944 3152 1056 3221 ὂςρᾶκῳ,
1072 3158 1139 3203 erta-

83 3233 104 3279 ia
112 3248 156 3299 pus
164 3242 265 3284 vertere.
276 3230 357 3284 Prrrr.
624 3227 707 3292 adsue
722 3230 764 3283 sai
783 3232 908 3299 ιὸσχιςος,
926 3222 944 3295 ᾧ
961 3236 1069 3301 χρῶνται
1083 3230 1139 3285 ἀντὶ

119 3310 160 3363 td.
185 3311 327 3381 Pyritarrem
351 3314 479 3363 atram
506 3310 584 3383 aleipui
625 3311 758 3381 acciptur
777 3294 837 3381 epte
860 3316 946 3382 τριχῶν
964 3312 1032 3381 ἄρσιν
1048 3308 1074 3362 ati
1094 3328 1138 3379 γυ-

81 3408 148 3455 graus
160 3410 231 3442 saara
240 3392 348 3457 saciant.
361 3388 493 3455 Isidorus,
505 3390 582 3461 Orig.
625 3392 716 3451 saisee.
731 3416 743 3438 ι
763 3389 906 3443 ostracites
922 3401 994 3442 testas
1014 3387 1138 3441 similitu·

83 3466 123 3521 tib.
139 3468 219 3533 XVI,
238 3486 297 3540 cup.
318 3475 346 3532 4.
361 3468 419 3522 Hoc
432 3470 582 3541 pyritemrn
624 3466 715 3522 dinem
724 3468 821 3533 habet,
830 3482 975 3535 crustosus,
988 3468 1051 3522 etin
1066 3466 1139 3519 iami-

82 3564 169 3617 μω,
190 3568 237 3601 seu
255 3547 429 3619 ignisriorurn
446 3546 582 3619 lapidum,
625 3548 785 3612 nesfissiiis,
807 3566 862 3619 qno
883 3508 1005 3600 muiieies
1023 3542 1137 3617 adpiios

80 3628 253 3695 pomifera,
264 3629 471 3698 pier-resisterit,
488 3629 583 3697 vulgus
624 3626 789 3680 smorsudos
802 3644 853 3699 pro
867 3626 973 3699 pumice
987 3638 1134 3680 utuntur.

83 3720 159 3760 vocet.
178 3706 250 3760 Vide
266 3706 446 3777 Scaligerum,
468 3708 583 3761 Exercit.
625 3692 738 3777 bepsxas
754 3706 1047 3761 Graecistestadicitnr.
1057 3704 1090 3757 H.
1098 3736 1138 3746 -

84 3784 141 3838 xvt
146 3807 196 3858 ,p.
209 3804 256 3857 77.
271 3788 364 3839 Hero.
622 3788 769 3840 Ostracine.
795 3786 952 3847 Ostracites,
987 3784 1134 3849 l'ostracite,

119 3872 161 3928 si.
174 3867 250 3919 Viros
261 3866 417 3936 appellamus.
432 3864 530 3936 Pyritae
543 3864 582 3917 itti
626 3866 725 3918 i'luritre
734 3864 850 3938 pe'trifie'e.
867 3866 992 3917 Diversus
1008 3874 1046 3917 est
1059 3864 1087 3916 in
1101 3864 1138 3915 eis

84 3942 584 4018 ririiquarrs·a5ateprroraaqroe),vuigo
627 3944 736 3998 duritiei
766 3942 872 4016 gradus.
900 3944 931 3996 In
956 3962 1020 4015 agro
1048 3955 1139 3995 nostro

85 4020 358 4092 lapiemisasilAEn.
628 4024 787 4077 Nivemensi
809 4024 954 4093 Gaiiircque
975 4020 1140 4087 medullitio,

121 4104 161 4157 15.
172 4106 255 4175 Ipneis
267 4105 373 4157 eminae.
386 4104 430 4159 Sic
440 4102 516 4157 MSS.
525 4122 581 4158 non
626 4103 681 4157 ridi
706 4104 733 4155 in
755 4106 815 4157 vico
838 4104 871 4156 D.
896 4100 1037 4162 Desiderii‚
1059 4100 1142 4155 Saint-
