2950 5000
454 440 614 507 LIBER
638 440 843 509 xxxvlt.
1112 438 1180 509 601
1249 500 1252 509 .

113 568 256 639 cudibus
275 555 347 636 hi¹⁴
369 567 675 663 deprehenduntur,
699 570 744 638 ita
771 582 963 664 respuentes
984 570 1086 639 ictum
1096 555 1131 654 ¹⁵,
1149 584 1187 639 ut

112 674 242 743 ferrum
263 675 431 769 utrimque
452 674 623 762 dissultet,
645 675 847 769 incudesque
868 676 967 743 ctiam
983 676 1060 770 ipsae
1085 676 1184 745 dissi-

113 779 209 848 liant
233 782 369 874 Quippe
394 780 513 851 duritia
531 780 760 850 inenarrabilis
784 796 851 867 est,
877 780 1038 875 simulque
1061 783 1187 874 ignium

110 886 235 953 victrix
247 901 385 972 natura,
405 900 439 955 et
455 912 637 981 numquam
658 885 870 957 incalescens.
891 887 990 956 Unde
1010 901 1044 955 et
1066 912 1189 955 nomen

111 977 311 1061 indomita¹⁶
327 994 378 1061 vis
402 1016 509 1087 graeca
525 996 797 1087 interpretatione
814 993 950 1087 accepit.
966 995 1080 1061 Unum
1096 1017 1135 1061 ex
1151 994 1189 1062 iis

109 1112 242 1166 vocant
261 1098 431 1168 cenchron
442 1097 478 1185 ¹⁷,
500 1099 590 1193 quod
606 1113 657 1169 est
682 1098 763 1167 milii
780 1098 1015 1193 magnitudine.
1039 1097 1189 1167 Alterum
1248 1144 1251 1153 ι

108 1202 375 1273 Macedonicum
399 1205 433 1271 in
451 1204 637 1299 Philippico
656 1230 739 1273 auro
765 1218 934 1299 repertum
947 1190 991 1273 ¹⁸:
1012 1205 1119 1274 ethic
1140 1218 1191 1273 est

153 1369 201 1431 η’.
217 1369 348 1421 Iucudibus
360 1370 394 1420 lu'.
408 1368 572 1423 Mathodens
583 1371 629 1422 In-
677 1370 757 1435 domu
770 1368 843 1442 quod
853 1370 920 1423 nulli
931 1371 1046 1423 materies
1057 1369 1141 1423 cedat.
1157 1370 1191 1427 H.

106 1446 175 1501 dico
185 1448 238 1501 soli
252 1448 322 1501 hanc
329 1447 420 1501 dotem
433 1450 552 1519 assignat.
563 1449 630 1503 Soli·
722 1468 764 1520 17.
780 1450 858 1502 [suum
872 1470 901 1501 eu
917 1453 945 1502 iis
959 1461 1049 1501 vocant
1066 1450 1190 1504 cenchrou.

106 1544 402 1598 nus,cep.t.11,psg.
419 1530 471 1593 fls,
490 1527 585 1581 Indico
602 1539 629 1581 ct
677 1529 765 1599 Lege:
782 1554 793 1577 ι
808 1530 898 1581 Unum
914 1548 944 1583 ex
963 1529 995 1582 iis
1015 1541 1112 1581 vocent
1128 1546 1193 1581 ceu·

105 1607 189 1659 elteri
199 1608 302 1676 generi,
312 1610 388 1677 cujus
400 1608 499 1660 natales
508 1608 535 1660 in
549 1626 627 1661 suro:
678 1620 749 1672 tron,
760 1606 833 1679 quod
847 1622 886 1661 est
899 1609 966 1661 milii
979 1606 1189 1678 magnitudine.»

108 1712 122 1735 ι
139 1690 202 1738 Nec
214 1686 287 1738 ferro
296 1688 449 1750 vincuntur,
462 1688 551 1758 iuquit
560 1726 569 1753 ,
578 1706 630 1741 nec
677 1688 764 1741 Greci
784 1688 879 1757 κέντρον
892 1700 987 1741 vocent
997 1688 1025 1738 in
1039 1688 1113 1739 omni
1131 1705 1188 1740 ms·

102 1766 174 1836 igne
185 1763 339 1819 domentur.
352 1792 364 1813 ι
379 1767 470 1818 ilino.
679 1767 745 1819 terie
755 1764 883 1819 nodosam
900 1766 1041 1831 duritiem,
1053 1785 1111 1837 que
1123 1766 1191 1819 ictus

151 1843 203 1897 1⁵.
217 1842 258 1896 lu
271 1856 405 1915 respuentes
419 1849 499 1898 ictum.
514 1844 629 1897 rebulo-
676 1846 795 1917 rcspuit‚
816 1864 846 1898 ac
870 1848 940 1899 ferro
965 1845 1032 1898 lindi
1051 1846 1191 1917 frangique

102 1942 172 1977 sum
184 1922 215 1976 id
228 1941 284 1977 csse
297 1923 379 1977 trudit
390 1924 516 1990 Garoias,
527 1943 588 1977 nem
603 1937 631 1977 ct
675 1924 839 1996 uegetvide
852 1926 920 1978 Plin.
936 1925 982 1977 lili.
997 1926 1081 1991 XVI,
1091 1942 1114 1977 c.
1133 1924 1188 1992 39:

104 2004 136 2055 in
146 2004 262 2055 scobem
275 2004 400 2057 malleolo
414 2002 544 2074 redigi,et
558 2004 630 2057 facil·
679 2004 838 2057 .Pubtieum
850 2006 971 2057 omnium
982 2004 1082 2057 vitium
1093 2014 1191 2057 vocant

101 2082 176 2135 lime
195 2082 330 2153 confringi
343 2083 474 2154 atterique
487 2083 516 2135 in
530 2096 628 2136 morte·
676 2084 761 2155 spiras
774 2084 822 2136 ubi
840 2083 999 2135 convolvere
1019 2102 1046 2135 se
1063 2102 1137 2135 vente
1150 2094 1191 2134 nt·

101 2162 149 2215 rio
170 2161 274 2230 pistillo
292 2163 389 2214 ferreo.
402 2163 471 2214 Dsn.
482 2194 521 2204 -
534 2163 630 2233 Quippe
675 2180 728 2233 que
749 2162 822 2217 nodi.
842 2163 1022 2215 Inveniuntur
1040 2162 1068 2213 in
1085 2161 1193 2233 quibus·

101 2242 216 2293 duritia.
235 2240 297 2295 Haec
309 2239 421 2294 totidem
437 2242 526 2294 verbis
543 2240 629 2293 Isido-
676 2240 755 2304 dem,
768 2243 836 2295 sicut
853 2242 881 2293 iu
895 2259 1028 2295 murmore
1043 2254 1152 2305 centra,
1163 2238 1192 2294 id

100 2340 172 2384 rus,
188 2318 265 2390 Orig.
279 2321 327 2374 lib.
339 2322 419 2377 xvt.
435 2339 493 2390 cap.
514 2310 630 2375 13.Vide
676 2334 734 2385 est,
752 2320 854 2374 duritia
872 2321 947 2373 claro
961 2320 1068 2384 similis,
1082 2320 1191 2374 inimica

102 2400 250 2471 egregium
264 2398 298 2451 de
317 2419 348 2453 ea
362 2418 393 2453 re
404 2398 629 2465 dissertationem,
676 2401 761 2453 serris.
777 2426 788 2447 ι
808 2400 889 2470 Atqui
905 2399 932 2451 in
948 2400 1061 2469 gemmis
1080 2419 1111 2453 ea
1128 2417 1191 2451 ceu·

101 2478 187 2550 spud
196 2478 321 2551 Theoph.
343 2478 530 2542 Simocattam,
550 2479 628 2551 phys.
676 2492 716 2534 tre
729 2480 909 2552 reperiuntur.
928 2480 997 2534 Plio.
1016 2478 1050 2534 de
1069 2478 1193 2551 Sepphy·

100 2561 214 2626 Quat.
237 2560 258 2610 1.
275 2560 365 2612 Nostri
377 2573 465 2612 tamen
479 2556 630 2613 adamantes
675 2559 712 2612 ris
736 2558 848 2612 Medicis
869 2579 875 2609 :
903 2585 915 2606 ι
931 2573 1060 2630 prseterca
1084 2559 1192 2613 inutiles

100 2639 180 2694 adeo
198 2657 256 2691 non
275 2639 358 2692 ictum
372 2637 461 2690 mullei
479 2650 630 2708 respuunt,
676 2640 815 2709 scalptnrss
826 2639 1065 2694 intervenientibus
1084 2639 1192 2710 crystel-
1243 2630 1244 2634 ¹

100 2733 136 2773 ut
152 2719 241 2770 etium
255 2719 283 2770 in
297 2718 405 2770 scobem
423 2717 547 2769 malleolo
560 2717 631 2770 redi·
676 2718 737 2771 linis
753 2719 858 2771 centris.
875 2744 886 2766 ι
906 2719 977 2788 Ergo
993 2720 1038 2772 itta
1055 2731 1143 2772 contre
1163 2719 1191 2770 in

99 2810 221 2871 gantur.
238 2796 374 2850 Facillime
387 2814 451 2849 vero
464 2796 564 2867 pistillo
576 2797 629 2850 ier·
675 2798 785 2868 gemmis
799 2799 871 2850 ferro
882 2798 966 2869 sculpi
977 2811 1110 2869 negantet
1126 2797 1191 2850 scel-

99 2897 156 2933 ιω
177 2877 209 2928 in
227 2877 355 2929 mortario
368 2875 506 2946 confringi.
515 2887 541 2928 et
552 2877 630 2929 atteri
675 2891 761 2946 ptnrae
773 2878 908 2948 resistpnt.
928 2877 988 2930 Sss.
1002 2908 1039 2918 -
1056 2877 1190 2930 Cenchreo.

98 2958 221 3018 solent,
237 2968 266 3008 ut
280 2974 376 3008 eorum
388 2955 466 3008 scobe
476 2953 631 3008 adamsutes
675 2957 716 3009 Ita
728 2957 797 3009 clere
811 2955 888 3009 Colb.
907 2955 940 3019 3,
953 2957 1051 3027 aliique
1068 2955 1144 3008 tiss,
1163 2967 1190 3008 et

98 3039 153 3093 elii
183 3034 330 3106 poliuntur.
349 3032 420 3086 Vide
447 3033 570 3087 Gnrcism
597 3035 631 3088 ab
677 3036 735 3107 typi
745 3053 846 3088 omnes.
861 3035 895 3086 Et
905 3036 1005 3105 κέγχρος
1019 3033 1127 3106 quidem
1143 3034 1191 3086 mi·

98 3121 220 3178 norro,
234 3113 261 3166 in
279 3115 372 3166 Aram.
386 3113 453 3185 Hist.
469 3131 529 3183 cap.
543 3131 629 3168 xuvu.
676 3114 742 3166 lium
755 3126 845 3178 sonat,
859 3111 933 3166 unde
951 3114 975 3166 ei
994 3112 1128 3166 adamanti
1142 3132 1192 3166 no·

98 3199 208 3250 Heln.
228 3224 267 3234 —
283 3194 385 3245 Duritia
405 3191 571 3244 inenarrabilis
585 3205 630 3248 est.
676 3212 747 3246 men.
758 3192 866 3246 Nodum
882 3193 976 3263 querit
988 3192 1016 3245 in
1032 3195 1119 3264 scirpo
1133 3192 1191 3244 Sul-

99 3278 211 3342 Qnum
225 3270 332 3326 duritie
343 3271 451 3326 invicte
461 3270 630 3324 adamantem
676 3273 788 3337 mosius,
808 3272 836 3324 in
856 3271 941 3326 Solin.
958 3290 1019 3342 pag.
1036 3278 1124 3342 1074,
1142 3271 1189 3342 qui

98 3373 166 3410 use
195 3349 337 3406 crederent
348 3353 474 3415 Veteres,
493 3350 555 3404 tatu
573 3352 630 3406 hec
675 3364 773 3406 eeutrm
788 3369 918 3421 reponere
932 3352 1190 3416 constanhocest,

98 3432 209 3508 opinio
225 3448 285 3483 cnm
298 3431 406 3502 scriptis
422 3449 515 3484 corum
528 3429 562 3484 ad
577 3450 629 3483 nu·
675 3444 814 3494 centrum,
835 3449 880 3482 seu
892 3431 1014 3496 nodum,
1026 3430 1189 3484 nodosamre

97 3513 236 3590 periotes
247 3512 360 3574 tinnsiit,
375 3523 401 3563 et
413 3511 544 3576 maximo,
561 3529 630 3581 pru·
674 3510 815 3574 duritiem,
835 3527 896 3580 quse
914 3511 942 3563 in
957 3511 1069 3581 geminis
1087 3511 1190 3580 reperi·

97 3593 207 3652 mtim
222 3590 372 3655 Lusitanis,
383 3587 482 3642 damno
498 3589 565 3653 luit,
584 3589 630 3662 qni
674 3602 719 3643 tur
733 3588 878 3642 interdurn.
888 3589 990 3643 Ἠιιιι).

95 3672 245 3750 plurimas
259 3681 286 3722 et
298 3668 500 3740 pretiosissimas
520 3668 630 3740 quidem
720 3673 765 3724 18.
782 3671 812 3722 In
827 3669 965 3738 Philippico
985 3689 1045 3728 atim
1065 3680 1190 3740 repertum.

96 3767 232 3829 gemmas
247 3749 374 3801 malleolo
384 3762 484 3801 temere
494 3749 631 3820 conirege·
675 3749 709 3802 In
728 3748 841 3802 metallis
859 3749 988 3809 aurariis,
1008 3767 1067 3818 qnae
1088 3749 1191 3800 suntin

95 3845 190 3894 runt,
214 3827 281 3881 dum
298 3841 422 3882 naturam
441 3828 555 3900 experiri
575 3829 631 3882 vel·
675 3827 840 3898 Philippensi
870 3825 1032 3880 Maccdonite
1058 3846 1130 3898 egro.
1157 3828 1190 3879 In

94 3918 175 3970 lent.
192 3910 250 3961 En.
675 3907 792 3960 ferrariis
801 3905 869 3959 dixit
884 3903 1063 3970 Murbodeus,
1078 3907 1129 3960 loc.
1144 3906 1189 3960 cit.

150 3993 202 4044 16.
215 3987 286 4040 Unde
297 3986 548 4038 etmuentndoutu.
560 3977 631 4039 ddi·
676 3987 805 4040 «Tertius
829 3997 868 4038 est
891 3984 1014 4048 adsutus,
1041 4003 1120 4056 quem
1147 3985 1192 4038 dut

100 4093 175 4144 μς,
192 4069 246 4122 ἀπὸ
264 4071 307 4119 τοῦ
321 4085 339 4118 s
352 4067 394 4120 sul
408 4062 567 4136 lupamid
581 4079 630 4129 est,
675 4066 757 4120 meris
766 4065 850 4118 insule
864 4066 976 4136 Cypros.
985 4065 1115 4130 Quartum
1127 4084 1192 4135 pro-
