2950 5000
432 357 794 454 nlnnnxxxvrl
1086 376 1155 450 515

107 513 236 609 profecto
259 512 450 608 impendio,
485 507 521 584 et
555 533 734 606 operarum
768 508 978 580 multitudine
1011 537 1071 605 per
1108 529 1159 584 tot

107 645 208 690 annos:
226 645 330 716 quum
346 635 406 690 aut
421 621 600 690 corrivntio
616 641 796 711 aquarum,
806 640 871 708 qua
891 631 1042 688 terrenus
1061 645 1158 691 mons

107 742 178 811 erat,
193 741 383 822 egereretur
396 728 430 796 in
449 728 573 796 vertioe
590 723 769 809 machinis,
785 737 844 792 aut
861 721 942 792 silex
958 724 1156 797 caederetur:

106 835 263 928 omniaque
284 837 375 902 intus
402 834 437 902 in
462 832 607 902 tenebris
630 829 767 914 fierent,
788 853 862 922 quse
891 853 998 922 neque
1027 835 1158 928 concipi

105 941 216 1022 animo,
243 940 307 1008 nisi
337 939 381 1008 eb
402 940 441 1009 iis
470 940 528 1033 qui
547 936 681 1022 videre,
709 959 817 1028 neque
837 935 986 1004 humano
1006 963 1158 1010 sermone

105 1048 234 1114 enarrari
253 1060 406 1139 possunt.

146 1154 225 1220 Nam
239 1166 358 1246 portus
374 1151 537 1220 Ostiensis
548 1148 585 1171 ¹⁰⁰
599 1173 685 1242 opus
702 1162 878 1242 praetereo:
900 1150 981 1218 item
991 1151 1061 1217 vias
1074 1151 1161 1220 inter
1181 1181 1212 1216 ιο

106 1271 218 1326 montes
241 1258 392 1327 excisas:
414 1280 507 1326 mare
526 1255 737 1348 Tyrrhenum
762 1253 995 1325 aLuerinu¹⁰¹
1017 1255 1161 1326 molibus

104 1361 250 1432 seclusum
266 1389 274 1431 :
291 1377 343 1432 tot
357 1377 476 1456 pontes
491 1363 591 1432 tantis
603 1359 781 1454 impendiis
799 1360 914 1430 factos.
930 1363 974 1430 Et
992 1365 1077 1430 inter
1093 1361 1162 1457 plu-

105 1469 174 1538 rima
198 1467 261 1536 alia
293 1468 399 1538 ltaliae
426 1466 607 1552 miramla,
631 1468 702 1560 ipsa
730 1483 900 1536 marmora
921 1467 956 1538 in
978 1467 1162 1562 lapicidinis

104 1598 236 1644 crescere
249 1589 368 1646 auctor
385 1589 436 1644 est
455 1575 606 1668 Papirius
621 1571 805 1658 Fabianus,
821 1588 948 1642 naturae
968 1599 1080 1644 rerum
1100 1599 1160 1670 pe·

103 1681 283 1751 ritissimus:
299 1695 511 1774 exemptores
526 1703 660 1773 quoque
677 1677 848 1748 affimant
866 1678 1027 1772 compleri
1043 1697 1162 1774 sponte

104 1783 148 1852 illa
166 1788 329 1856 montium
351 1786 497 1856 bulcera.
523 1787 609 1874 Quae
626 1786 654 1854 si
671 1809 752 1855 vera
771 1800 867 1870 suut,
891 1807 966 1878 spes
988 1801 1039 1868 est
1065 1813 1162 1856 num·

102 1915 189 1982 quam
210 1892 401 1961 defuturam
421 1891 597 1960 luxuriam.
613 1972 616 1977 ‚

145 1987 624 2090 XXV.(xv1.)Amarmoribus
633 1995 832 2090 digredienti
843 1995 886 2066 od
897 1995 1100 2090 reliqwrum
1111 1999 1160 2068 la·
1185 2029 1194 2060 ι

102 2101 207 2193 pidum
225 2105 370 2198 insignes
387 2119 542 2185 naturas,
558 2099 631 2195 quis
647 2101 777 2171 dubitet
791 2105 824 2170 in
841 2105 955 2196 primis
973 2120 1162 2197 magnetem

99 2207 287 2278 oecurrere?
302 2209 384 2306 quid
399 2211 486 2277 enim
499 2206 704 2278 mirabilius?
725 2223 784 2276 aut
798 2229 862 2302 qua
874 2211 913 2276 ¹in
929 2223 1024 2304 parte
1037 2225 1164 2282 naturae

100 2315 195 2408 major
216 2311 431 2410 improbitas?
447 2314 597 2384 Dederat
617 2338 733 2384 vocem
753 2316 856 2398 saxis,
877 2331 916 2384 ut
933 2315 1100 2402 diximus',
1118 2344 1165 2388 re

99 2423 308 2514 spondentem
331 2421 494 2506 bomini,
509 2423 614 2489 immo
637 2445 718 2489 vero
743 2436 777 2489 et
801 2419 1046 2515 obloquentem.
1070 2424 1162 2513 Quid

100 2523 207 2621 lapidis
221 2531 332 2623 rigore
352 2526 503 2624 pigrius?
517 2530 606 2596 Eece
628 2553 743 2597 sensus
763 2552 947 2625 manusque
967 2530 1085 2599 tribuit
1104 2530 1161 2599 illi.

98 2632 179 2721 Quid
192 2635 274 2705 ferri
283 2634 408 2703 duritia
419 2632 702 2728 pugnaciuslSed
716 2632 823 2719 cedit,
834 2650 868 2705 et
882 2632 1018 2729 petiner'
1034 2638 1161 2708 mores:

98 2741 234 2810 trahitur
247 2765 393 2835 namque
405 2764 426 2808 a
437 2756 592 2835 magnete
606 2739 735 2835 lapide,
746 2740 967 2835 domitrixque
979 2740 1034 2811 illa
1048 2768 1160 2812 rerum

96 2850 239 2916 omnium
258 2848 397 2917 materia
416 2846 459 2913 ad
480 2847 578 2915 inane
601 2850 713 2916 nescio
731 2832 830 2941 quid⁵
852 2849 984 2917 currit:
1006 2862 1105 2942 atque
1125 2864 1163 2919 ut

96 2955 228 3048 propius
255 2957 367 3037 venit,
386 2952 526 3036 assistit,
543 2966 758 3047 teneturque,
779 2950 1022 3047 complexuque
1046 2954 1160 3025 haeret

94 3044 319 3129 Sidortun⁴0b
330 3058 397 3128 hoc
407 3044 955 3155 alionomineappellant‚quidam⁵
965 3060 1159 3131 Heracleon.
1182 3090 1195 3121 2

133 3252 193 3285 roo.
207 3232 372 3300 Nauportus
391 3228 520 3283 Ostierur'e.
538 3230 605 3282 Sue·
649 3228 684 3282 ll.
700 3258 740 3271 -
755 3230 820 3283 Mox
835 3231 909 3283 Brut.
921 3240 1021 3297 tenerur,
1043 3246 1093 3289 ete.
1108 3236 1161 3291 En.

93 3314 179 3366 tonius
190 3312 221 3364 in
234 3308 366 3373 Claudio,
380 3326 441 3380 cap.
452 3326 489 3361 xx
501 3326 508 3361 ε
522 3335 534 3357 ι
542 3308 607 3361 Por·
691 3309 718 3362 3.
733 3309 781 3363 Ad
797 3312 869 3361 inune
887 3313 965 3363 nereio
979 3314 1046 3383 quill.
1061 3312 1103 3367 Ad
1118 3318 1164 3370 ali.

95 3405 150 3446 tum
169 3390 255 3445 osii·
268 3389 416 3453 emunxit,
428 3400 478 3441 ete.
490 3414 502 3437 ι
519 3388 554 3441 Η.
565 3418 607 3429 -
648 3388 717 3460 qrrid
728 3388 806 3461 qaod
816 3386 902 3442 rideri
913 3392 999 3443 oculis
1008 3395 1112 3465 nequit.
1127 3396 1161 3450 Η.

97 3474 206 3527 Portum
215 3467 608 3538 Oedemeenpooteramplievit
692 3473 721 3531 ,41
729 3466 853 3521 Sidonide.
869 3464 992 3540 Σιδηρῖτιν
1002 3470 1116 3545 Hesyrh.
1127 3476 1162 3530 Η.

92 3546 607 3620 etormvitTrsjmua.Conf.Taeitum,
653 3547 695 3601 Ol
707 3550 760 3601 loeo.
774 3549 848 3601 brot.
860 3548 891 3600 ob
904 3550 938 3601 r'd.
953 3551 1006 3604 En.

90 3646 112 3687 t.
123 3634 158 3698 V,
171 3651 203 3704 p.
222 3632 276 3684 181
292 3640 321 3681 et
335 3626 393 3682 385
406 3626 450 3679 ed.
465 3643 540 3680 Μ.
554 3626 606 3680 Bu.
691 3630 717 3681 5.
730 3627 838 3696 Qreidem
853 3628 996 3683 Heracleon.
1008 3632 1162 3686 subintelli-

130 3730 195 3765 101.
205 3711 236 3763 A
247 3710 395 3761 luerim&
404 3706 524 3760 Lucrino
534 3706 606 3769 leon,
690 3744 698 3772 ,
709 3704 835 3777 lapidem.
844 3705 1006 3779 Hesychius,
1018 3690 1078 3781 pbg.
1089 3720 1142 3785 4²7
1153 3732 1160 3767 :

89 3790 124 3846 de
136 3810 193 3865 qno
203 3790 256 3842 lib.
265 3788 326 3851 111,
338 3804 397 3857 esp.
413 3804 442 3854 9.
454 3784 546 3838 limo.
687 3786 774 3839 άκλιια
785 3787 864 3849 λίθος,
875 3790 904 3845 ἣν
917 3790 974 3843 lotor
992 3798 1112 3860 μαγνῆτιν
1123 3796 1163 3847 tt-

130 3872 224 3924 XXV.
236 3886 262 3922 1.
272 3866 501 3936 videbamcap
515 3864 606 3919 asli.
713 3886 744 3918 u.
754 3904 778 3918 ..
807 3868 924 3923 elaturos
954 3863 984 3920 dl
1010 3870 1085 3932 οὕτως
1112 3874 1162 3927 ἀπὸ

136 3972 164 4005 e.
178 3952 325 4019 &patitur
342 3965 427 3998 m.
444 3945 479 3998 Et
492 3945 612 3998 mitiores
689 3946 788 4006 υλιὶας
805 3950 849 4006 τῆς
870 3949 894 4000 ir
906 3942 988 4017 Λυδίᾳ
1006 3952 1109 4013 erubrus.
1122 3954 1163 4005 ort
1273 3954 1277 3960 ’

97 4030 203 4085 vneror
214 4025 332 4082 induere
344 4039 372 4079 et
381 4025 501 4095 resipere
512 4042 609 4078 mores.
653 4026 696 4079 καὶ
706 4024 828 4094 Σοφοκλῆς
842 4020 936 4080 Λυδίαν
948 4027 1011 4081 λίθον
1028 4032 1103 4088 αὐτὴν
1118 4052 1163 4085 eu·

970 4124 1035 4216 33²,
1071 4126 1080 4149 ’
