2950 5000
441 415 803 548 ntuunxxxsn.
1109 483 1155 558 35

109 609 197 680 etiam
209 611 446 704 Harpocratem
455 605 493 694 ¹⁷,
514 621 702 703 statuasque
717 610 948 708 Egyptiosum
965 618 1155 708 numinum,

108 716 314 811 'mdigitissiri
330 737 466 809 quoquc
478 728 611 810 portare
628 717 801 812 incipiunt.
820 719 896 790 Fuit
905 734 940 790 et
952 720 1015 792 alia
1024 723 1155 798 Claudii
1174 753 1189 806 3

107 821 275 917 principatu
298 822 488 892 differentia
509 823 543 889 in
564 820 640 892 solis
662 823 730 912 his,
752 823 873 918 quibus
893 820 1156 906 admissionem¹⁸

105 926 231 998 tiberti¹⁹
245 930 314 1024 ejus
333 928 521 1016 dedissent,
544 929 721 1024 imaginem
752 932 911 1026 principis
940 957 982 1004 ex
1009 961 1091 1008 auro
1121 941 1156 1009 in

103 1033 355 1131 inunguendi,
375 1055 500 1129 magna
517 1034 724 1106 criminum²⁰
746 1040 941 1110 occasione:
955 1066 1030 1136 quae
1042 1048 1156 1117 omnia

102 1248 185 1313 blico,
194 1249 320 1320 privatum
332 1245 413 1300 istud.
428 1245 540 1317 Elegtns
550 1265 597 1300 au·
640 1248 762 1318 jusserat
777 1273 790 1296 ι
811 1249 915 1304 Plinius
930 1253 996 1308 item
1012 1255 1111 1312 Iunior
1128 1259 1158 1314 iu

102 1342 147 1382 tem
163 1347 305 1400 puerorum
321 1329 422 1393 tonna,
439 1325 526 1397 inquit
544 1326 598 1379 Pti-
642 1327 774 1400 Panegyr.
788 1329 914 1401 Trujsni,
928 1339 1006 1386 nu'm.
1023 1341 1060 1406 47
1076 1358 1083 1388 ε
1101 1340 1157 1393 «An

102 1409 288 1474 namatium
299 1407 458 1474 decorat,et
467 1407 596 1460 honestat.
642 1407 784 1480 quisquam
799 1408 888 1463 studia
906 1411 1079 1470 humanitatis
1092 1437 1155 1490 pro-

102 1489 229 1546 Cwsrtrts
238 1489 345 1542 taureas
362 1487 463 1542 dictum
479 1504 528 1558 per
541 1505 597 1540 me·
641 1487 738 1554 sessus,
751 1507 807 1542 noo
821 1507 906 1560 quum
918 1493 1008 1546 omnia
1022 1505 1085 1562 tua,
1097 1511 1155 1551 tum

101 1569 226 1642 upboram
240 1569 411 1633 arbitramur,
426 1585 476 1640 pro
492 1577 599 1618 ostenta·
641 1568 683 1621 vel
698 1567 727 1620 in
740 1567 836 1639 primis
843 1569 967 1624 laudibus
978 1573 1156 1630 imtsdmis.

99 1670 137 1714 ref
154 1663 183 1704 nt
203 1661 337 1702 convenere
364 1651 493 1700 exercitum
517 1643 597 1700 latine
640 1646 1155 1711 sionumtuarumiacilitstemtsNem.

97 1727 299 1802 dicimus,quod
317 1727 428 1782 Barbari
436 1727 521 1796 fucere
534 1745 598 1778 morr-
639 1727 717 1798 peab
732 1729 925 1796 admissiombus,
936 1731 978 1784 sel
994 1733 1154 1790 adamiano-

98 1823 161 1864 suan
179 1810 260 1864 aiunt.
269 1809 321 1862 vet
339 1819 473 1862 convertere
491 1804 598 1860 balineas
640 1805 691 1873 les,
706 1820 738 1860 ut
753 1807 833 1861 habet
845 1809 1018 1882 Lampridius
1030 1814 1154 1870 indies·

97 1902 129 1944 est
141 1909 227 1946 eurum
247 1889 363 1960 speciem
383 1887 421 1942 sic
437 1887 595 1949 immutare,
640 1885 725 1942 andro
742 1886 1071 1959 Severo,dicebsnturii,
1084 1897 1154 1950 servi

98 1972 173 2024 utrix
191 1969 303 2024 balineas
323 1987 378 2022 esse
397 1964 549 2028 credantur.
567 1984 598 2020 uc
639 1965 837 2038 libertise,qui
852 1961 887 2022 ad
896 1969 1067 2026 salutandum
1077 1976 1153 2046 prin.

95 2067 142 2104 oon
169 2049 324 2121 principum
352 2050 478 2103 ¹virorum
508 2043 597 2116 potius
639 2046 727 2120 cipem
744 2065 777 2099 ex
794 2047 884 2101 officio
900 2068 946 2104 eos
959 2049 1152 2124 admittebant,

96 2127 178 2184 domm
197 2148 227 2184 ac
247 2127 400 2184 comitatus.
418 2129 457 2180 De
473 2123 597 2198 pedago-
639 2128 738 2198 quihus
752 2145 784 2180 eo
801 2141 935 2182 convento
948 2149 1016 2202 opus
1027 2147 1090 2186 erut.
1105 2135 1154 2190 His

94 2211 154 2279 guni
174 2207 253 2282 pueri
274 2209 349 2262 cultu
371 2207 525 2260 Ammianus
546 2205 595 2260 lib.
639 2207 687 2277 qui
700 2213 958 2278 preerat,ssa5r'ster
968 2209 1149 2281 admissionum,

96 2289 190 2356 tutu,
208 2308 236 2361 p.
259 2287 335 2342 iao:
354 2291 400 2340 «Α
413 2287 487 2340 calce
500 2283 534 2336 sd
545 2303 596 2354 pu·
638 2285 780 2339 Ammiano
795 2299 877 2354 teste,
891 2286 995 2356 dictus,
1008 2291 1152 2364 quibono·
1185 2309 1190 2318 ’

96 2368 146 2422 bem
157 2371 182 2424 iu
192 2366 375 2442 pedagogiaui
390 2366 468 2438 pueri
481 2364 595 2436 speciem
637 2363 789 2419 ratioresud
796 2367 947 2438 principem
956 2369 1152 2430 introducebat.

96 2451 220 2521 purpureis
239 2461 352 2523 opertus
369 2445 531 2520 tegminibus
547 2463 595 2516 pc·
637 2443 670 2499 td
687 2445 839 2501 Palatinum
858 2447 979 2503 officium
995 2449 1102 2507 claudii
1119 2473 1151 2527 sc

97 2526 173 2583 tm·
185 2532 286 2585 Pueros
298 2526 433 2583 credimus
447 2538 595 2595 unguenta·
638 2526 753 2581 Neronis
769 2529 945 2598 temporibus,
967 2542 997 2583 ut
1018 2550 1051 2585 ex
1071 2530 1150 2589 dictis

96 2610 152 2673 tiss,
162 2612 205 2681 qui
218 2610 246 2665 iu
258 2608 364 2663 batnets
377 2620 467 2671 erant,
480 2624 496 2657 a
508 2603 594 2659 Plinio
636 2605 734 2678 liquet,
749 2605 904 2661 institutum
915 2620 962 2662 est.
976 2608 1058 2665 Recte
1070 2612 1152 2667 Seue·

96 2706 155 2743 nuno
165 2688 304 2763 designari.
315 2688 408 2753 Qualis
417 2688 462 2740 ille
473 2682 507 2739 ad
514 2702 594 2755 quem
637 2704 682 2751 ca,
694 2684 728 2739 de
739 2686 825 2741 Ciesn.
837 2687 886 2742 lib.
899 2689 930 2753 Ι,
940 2706 998 2759 cap.
1019 2710 1063 2757 ιο,
1078 2718 1090 2739 ι
1103 2712 1149 2749 00.
1231 2690 1236 2699 ’

97 2767 217 2835 Horatiae,
240 2766 368 2833 tib.111,
391 2766 442 2827 Od.
459 2772 512 2831 si,
535 2788 546 2809 ι
563 2764 594 2831 1,
637 2762 743 2819 hortem
775 2766 910 2820 interioris
943 2765 1112 2826 admistionis
1132 2800 1144 2823 s

96 2860 144 2919 pute
154 2862 332 2921 unguentum,
347 2864 426 2917 puer.
443 2872 454 2895 ι
471 2845 562 2897 ilino.
638 2842 729 2898 dixit:
751 2864 814 2899 num
829 2845 1028 2901 admissionales
1045 2851 1092 2904 alii
1107 2852 1150 2907 in-

129 2947 167 2998 ¹7·
188 2930 376 2999 Harpccrotem.
387 2925 458 2979 Vide
483 2921 593 2979 suidam
636 2935 676 2977 tra
697 2924 828 2997 principis
849 2925 1090 2992 cubiculumalii
1111 2930 1148 2986 sd

94 3004 234 3063 indictione
247 3007 379 3079 ripoinum.
396 3005 519 3059 Potitius.
529 3004 593 3075 Jdi·
635 3002 708 3059 sores
718 3004 803 3059 suere.
817 3004 852 3058 H.
864 3036 905 3049 -
917 3007 949 3059 Iu
962 3006 1020 3061 solis
1033 3008 1083 3069 itis,
1097 3024 1149 3067 etc.

95 3086 154 3141 seut.
171 3106 227 3159 cup.
247 3104 369 3141 nxsxssr.
388 3086 456 3139 Dar..
471 3116 510 3127 -
521 3082 593 3134 Har·
636 3082 709 3139 Brot.
722 3103 755 3137 ex
769 3081 813 3137 ed.
826 3103 870 3157 pr.
878 3086 981 3138 iosoiem
995 3086 1040 3141 Itis.
1053 3090 1108 3145 En.

92 3180 204 3233 μετείω·
219 3165 328 3223 Silentii
342 3163 440 3227 deum,
461 3164 531 3217 inter
544 3165 591 3213 ΖΕ·
679 3182 723 3235 ¹9·
743 3164 839 3215 Liberti
855 3167 906 3235 ejus
926 3164 1056 3221 dedissent.
1076 3164 1147 3227 Cave

93 3248 227 3316 nptiorum
242 3246 369 3301 numina.
387 3242 517 3305 Ovidius,
532 3241 591 3295 tle·
635 3260 696 3297 cum
715 3243 809 3315 Lipsio
826 3242 919 3297 credas
934 3246 1062 3301 orationis
1078 3263 1147 3304 suu·

94 3328 287 3399 tumnrpbsers.
305 3330 364 3395 692
377 3362 386 3391 ,
399 3322 590 3395 AEgyptiorum
635 3335 740 3376 ctutum
762 3342 874 3393 poscere
893 3324 958 3388 sibi,
975 3325 1099 3397 «liberti,
1120 3344 1149 3385 et

95 3402 146 3459 deos
158 3404 500 3475 numerans,huncsignut
509 3402 589 3455 tacito
631 3403 674 3475 jus
689 3400 839 3469 dedissent,
851 3416 902 3457 etc.
917 3428 929 3449 ι
945 3406 1082 3461 Sententia
1095 3422 1148 3477 est,

95 3486 185 3541 uouius
199 3506 206 3539 s
219 3514 231 3535 ι
242 3487 357 3557 Quique
368 3486 465 3555 premit
479 3500 589 3547 sooem,
633 3480 826 3535 admissionum
844 3482 956 3537 libertos
972 3488 1086 3543 secutori
1104 3508 1147 3543 so·

93 3562 325 3638 ffiqitoquesiientiu
336 3562 437 3617 suadet.
451 3588 461 3611 ι
476 3562 568 3615 Hauo.
634 3560 695 3615 litos
718 3562 798 3615 inisse
812 3581 858 3617 eos
876 3562 923 3633 qui
940 3562 975 3617 nd
996 3567 1147 3640 principem

128 3648 164 3700 afl-
178 3646 269 3717 Quibus
284 3646 460 3699 admotione.
476 3641 547 3694 Usus
558 3658 589 3693 ea
633 3639 809 3707 secederent,
824 3642 987 3715 criminique
998 3644 1146 3715 dedisse,si

95 3738 147 3779 taos
163 3726 334 3797 Tranquillus
361 3723 390 3777 in
409 3720 589 3793 Vespasiano,
633 3740 714 3793 quem
728 3720 857 3793 principis
872 3720 1014 3795 imaginem
1027 3726 1147 3783 inunnlo

94 3816 212 3873 tapsus:
227 3801 404 3875 ‹Trepidum
427 3820 488 3855 eum
506 3801 589 3853 iuter·
633 3814 769 3873 gerentem
789 3800 974 3857 offendissent.
996 3800 1090 3859 flauo.
1105 3838 1147 3850 -

94 3878 271 3941 dmsuusub
281 3884 591 3953 Nerone,qnsereutosu·
636 3881 731 3951 Quibus
751 3879 916 3934 admissionem
933 3882 1022 3936 liberti.
1042 3883 1149 3949 Quibus

95 3976 137 4031 qus
149 3963 270 4035 quidnam
286 3974 392 4035 ageret,
406 3973 452 4015 uut
463 3978 518 4033 quo
531 3958 589 4015 ubi·
631 3960 674 4033 jus
687 3958 857 4033 ingrediendi
873 3961 1029 4017 cubiculum
1047 3966 1149 4035 princi·

95 4042 244 4115 tetqoidsm
260 4063 292 4099 ex
308 4042 402 4097 officio
421 4038 590 4095 admissionis
633 4038 773 4112 pisliberti
790 4042 847 4110 ejus
857 4036 1005 4109 dedissent,
1017 4055 1067 4096 etc.
1081 4045 1118 4099 H.

94 4117 159 4177 ‘insti
171 4124 319 4195 expellens,
333 4121 407 4177 ubire
419 4119 589 4175 Morbouiam
676 4138 720 4173 ao.
739 4118 836 4191 Magno
852 4124 988 4175 criminum.
1002 4120 1095 4187 Quum
1109 4124 1148 4179 rei

983 4216 1023 4287 32
