2950 5000
335 454 404 528 dou
605 457 644 524 C.
671 455 837 524 PLlNll
860 456 968 526 NAT.
995 455 1126 523 HlST.

331 588 477 660 Sublicio
505 581 693 684 religiosum
724 603 794 672 est,
833 604 1047 683 posteaquam
1078 585 1239 658 Coclite¹⁰
1258 587 1376 656 Horatio

329 695 526 765 defendente
548 690 804 790 aegre'revulsus
826 709 886 764 cst.

297 834 307 864 1
380 803 506 871 XXIV.
538 803 667 868 Verum
687 815 723 869 et
744 800 785 868 ad
812 801 914 870 Urbis
936 815 1059 870 nostrae
1079 797 1240 871 miracula
1258 799 1376 868 transire

327 908 522 994 conveniat,
550 907 881 1002 nongentorumque¹
913 931 1078 976 annorum
1106 905 1231 977 dociles
1258 904 1375 975 scrutari

326 1017 430 1098 vires,
450 1028 484 1084 et
506 1015 553 1083 sic
575 1038 707 1107 quoque
728 1027 892 1083 terrarum
914 1014 1030 1083 orbem
1051 1014 1178 1083 victum
1200 1010 1375 1082 ostendere:

325 1121 417 1215 quod
431 1119 589 1190 accidisse
603 1121 700 1188 toties
719 1144 830 1214 paene,
849 1135 931 1215 quot
946 1119 1134 1189 referentur
1148 1116 1320 1203 miracula,
1336 1140 1377 1209 ap

326 1228 475 1323 parebit:
491 1227 706 1295 universitate
719 1251 800 1296 vero
813 1240 985 1310 acervata,
1000 1240 1035 1295 et
1053 1227 1087 1295 in
1099 1225 1276 1321 quemdam
1292 1247 1377 1292 unum

324 1331 496 1404 cumulum
514 1333 685 1426 conjecta,
709 1331 860 1401 nonalia
881 1332 1078 1426 magnitudo
1100 1335 1272 1429 exsurgit,
1293 1353 1375 1424 quam

325 1442 351 1508 si
366 1439 511 1508 mundus
526 1438 609 1507 alius
627 1437 761 1531 quidam
780 1440 814 1507 in
835 1463 905 1507 uno
925 1438 1000 1507 loco
1017 1453 1221 1534 narraretur.

291 1582 305 1615 2
378 1546 466 1615 Nam
483 1560 521 1614 ut
538 1545 665 1613 circum
681 1545 862 1613 maximum
884 1569 904 1612 a
921 1542 1073 1614 Caesare²
1096 1544 1260 1615 dictatore
1276 1557 1376 1613 exstru

324 1668 417 1721 ctum
436 1650 642 1746 longitudine
659 1650 842 1720 stadiorum
861 1652 960 1721 trium
971 1636 994 1736 ³,
1014 1650 1188 1720 latitudine
1206 1652 1317 1736 unius,
1333 1647 1375 1718 scd

325 1784 403 1828 cum
421 1757 567 1827 aedificiis
586 1757 743 1852 jugerum
765 1743 996 1852 quaternum⁴,
1018 1757 1060 1826 ad
1084 1757 1198 1826 sedem
1218 1781 1304 1828 cccx
1323 1752 1375 1824 mil·

325 1862 406 1933 lium
416 1849 428 1888 ⁵
440 1865 527 1933 inter
540 1887 663 1958 magna
680 1888 783 1958 opera
797 1863 962 1951 dicamus,
976 1887 1089 1932 nonne
1104 1850 1209 1933 inter⁶
1224 1861 1375 1960 magnifica

323 2031 396 2085 enim
409 2030 545 2084 Formiani
564 2049 595 2084 ea
613 2031 683 2102 tigna
697 2047 837 2104 nuncupa·
882 2049 963 2084 suum
979 2047 1104 2084 occurs.
1124 2029 1194 2084 Nam
1213 2030 1333 2093 stadium,
1344 2028 1375 2080 iu·

321 2108 687 2165 muraenarum-‚Idem
695 2110 839 2177 roboreus,
882 2109 942 2182 quit
963 2109 1080 2176 Plinius,
1102 2111 1152 2176 11,
1177 2129 1236 2174 st,
1261 2137 1273 2160 ι
1288 2121 1375 2162 certum

324 2211 338 2244 a
350 2191 466 2244 trabium
475 2190 584 2244 materia
594 2188 682 2242 dictus
693 2188 775 2243 ovid.
788 2191 837 2244 Fa·
882 2190 976 2262 viginti
990 2190 1229 2262 quinque-nostroe
1238 2191 1315 2246 efficit
1331 2207 1376 2259 pas·

323 2283 388 2324 stor.
403 2271 440 2333 V,
453 2273 508 2323 622
519 2307 527 2332 ,
539 2287 622 2341 quare
644 2281 671 2321 et
687 2269 779 2332 ξυλίνην
798 2273 838 2342 pi·
883 2287 935 2322 sus.
945 2294 956 2316 ι
973 2269 1065 2324 Haeo.

323 2369 398 2421 popm
414 2349 572 2404 Plutarchus
585 2348 701 2420 appellat
712 2349 741 2402 in
752 2350 837 2404 Grac·
924 2355 950 2413 4.
972 2349 1089 2419 Iugerum
1112 2361 1265 2420 quaternam.
1288 2347 1376 2420 Singula

323 2429 389 2484 obis.
407 2429 531 2481 AEmilius
548 2447 656 2501 quoque
668 2429 700 2482 P.
711 2429 836 2493 Victori,
879 2429 974 2501 jugera
980 2447 1012 2482 ex
1020 2426 1115 2482 eodem
1124 2427 1375 2494 Pliui0,lib.XVlll,

322 2511 351 2563 in
366 2508 545 2580 descriptione
558 2511 662 2572 Rome,
681 2535 692 2557 ·
706 2509 778 2563 Pons
791 2514 837 2563 AE·
881 2526 940 2580 cap.
959 2509 990 2572 3,
1003 2508 1085 2581 pedes
1097 2510 1238 2563 continent
1249 2528 1318 2565 coss
1330 2509 1359 2561 fl.

323 2590 424 2654 milius,
447 2588 495 2659 qui
508 2602 570 2641 ante
590 2588 726 2641 sublicius.
734 2614 748 2637 ι
765 2591 836 2643 Dum
922 2587 949 2641 5.
960 2589 1006 2641 Ad
1011 2589 1089 2641 sedem
1101 2589 1205 2643 CCLX
1211 2592 1314 2643 millium
1324 2590 1374 2657 lleg.

322 2670 458 2732 trabibus,
470 2669 526 2721 sive
538 2667 647 2721 sublicis
657 2669 715 2721 sine
726 2686 778 2721 aere
792 2681 838 2723 aut
883 2686 897 2721 a
914 2680 940 2721 et
954 2668 1033 2722 Colb.
1048 2668 1083 2733 3,
1097 2686 1128 2723 ac
1141 2682 1219 2723 vetus
1232 2666 1375 2737 Ddecautpii

323 2749 395 2803 ferro
409 2747 496 2812 stetit,
510 2749 553 2801 vel
573 2748 678 2801 clarum
697 2748 722 2801 ei
737 2746 837 2803 addere
880 2764 936 2801 oct..
952 2749 988 2799 At
1001 2748 1031 2801 P.
1044 2748 1141 2801 Victor
1154 2749 1182 2801 iu
1196 2747 1282 2803 deser.
1292 2750 1375 2811 Rome,

322 2828 689 2899 religionifuitzquarepous
698 2840 835 2881 etcertum
880 2826 989 2898 regione
1002 2828 1078 2881 urbis
1099 2826 1258 2895 undecima,
1278 2828 1375 2882 «Ciam

322 2908 443 2968 babitus.
456 2919 483 2960 et
498 2906 562 2978 ἱερὰν
573 2910 678 2977 γέφυραν
690 2906 836 2961 (ὶῐιείιιοι
879 2907 1025 2969 maximus,
1039 2908 1087 2980 qui
1108 2907 1182 2979 capit
1202 2910 1261 2963 loca
1277 2917 1375 2963 mh

324 2988 469 3041 minarunt.
484 2986 576 3040 Haao.
879 2987 1011 3056 octoginta
1034 2986 1156 3057 quinque
1176 2989 1270 3043 millis.
1284 3015 1295 3036 ι
1311 2987 1376 3041 Certe

367 3086 410 3121 so.
427 3066 529 3119 Coclite.
547 3062 620 3119 Vide
637 3083 697 3137 que
717 3063 836 3120 diximus
878 3064 1010 3135 Traianus
1023 3067 1143 3138 quinque
1168 3068 1252 3122 millia
1271 3068 1374 3121 locorum

322 3146 369 3200 lib.
382 3146 513 3208 XXXIV,
525 3164 584 3216 esp.
602 3163 648 3199 tt.
661 3146 752 3199 Haeo.
879 3144 995 3215 adjecit:
1012 3146 1081 3199 lorte
1094 3157 1122 3197 et
1136 3145 1182 3199 alii
1198 3149 1283 3219 plura.
1298 3148 1373 3199 lisso.

362 3224 466 3279 xxlv.
480 3226 747 3296 umentemque.
757 3224 835 3278 Scru-
877 3255 920 3267 —
930 3224 976 3277 Ad
982 3225 1059 3277 sedem
1069 3226 1178 3281 CCLX.
1191 3228 1264 3281 Brot.
1273 3246 1303 3280 es
1311 3222 1373 3277 MSS·

324 3305 375 3359 tari
388 3302 454 3376 quid
468 3306 588 3374 potnerit
600 3304 745 3374 nongentis
759 3304 835 3357 annis
878 3304 959 3375 Regg.
974 3316 1001 3357 et
1014 3304 1078 3360 edit.
1101 3306 1242 3378 principe,
1258 3306 1321 3362 CCL
1332 3302 1375 3355 nil-

322 3385 427 3456 ingenii
446 3384 489 3437 sui
508 3384 646 3439 docilitate
663 3384 766 3455 assequi
780 3400 834 3454 po·
878 3383 944 3438 lium
959 3384 1012 3439 En.

322 3465 402 3537 polus
415 3481 550 3518 romanus.
568 3464 659 3517 lisso.
668 3464 834 3533 -Norrgem
920 3463 1166 3535 6.1aterrsagsrfire
1175 3466 1298 3519 basilicans
1305 3462 1373 3517 Pali.

312 3558 454 3615 ‚torumque
471 3543 515 3597 sic
533 3556 560 3597 et
580 3542 644 3596 libri
666 3555 729 3596 ante
750 3542 834 3596 Hard.
878 3541 941 3597 Fuit
955 3544 1001 3597 hic
1021 3544 1052 3597 L.
1074 3546 1200 3599 AEtuilius
1215 3546 1323 3607 Paulus,
1336 3540 1372 3613 qui

322 3622 397 3679 editi.
407 3624 482 3677 Brot.
503 3622 669 3686 emendarit,
686 3625 836 3693 octingenta·
879 3622 910 3677 C.
932 3622 1053 3677 Marcelli
1074 3624 1102 3677 iu
1124 3627 1263 3679 consulatu
1277 3624 1374 3693 collega.

323 3704 491 3776 ruraqueEu.
878 3721 948 3755 auno
970 3704 1051 3757 Urbis
1065 3704 1134 3773 703,
1157 3706 1187 3758 iu
1209 3705 1296 3759 medio
1311 3704 1373 3761 um.

364 3804 391 3838 a.
410 3785 437 3836 A
460 3782 566 3836 Cessare.
588 3782 759 3853 Designatum
778 3784 833 3854 jam
877 3795 908 3835 ut
917 3781 1025 3853 quidem
1041 3784 1133 3837 scribit
1147 3785 1244 3838 Cicero
1256 3784 1290 3837 ad
1306 3780 1372 3835 Attir-

320 3864 387 3917 olim
399 3882 413 3915 a
426 3861 574 3933 Tarquinio
593 3862 683 3915 Prisco
698 3864 833 3916 Romano·
876 3862 925 3916 lib.
944 3862 995 3927 lV,
1011 3882 1054 3934 ep.
1074 3866 1128 3927 16,
1143 3864 1278 3919 basilicam
1291 3876 1373 3915 noram

320 3962 381 3996 rum
394 3960 456 4013 rege
477 3942 545 3995 inter
560 3941 725 3995 Aventinum
742 3952 769 3994 et
783 3942 832 3994 Pa·
876 3942 1164 4013 magnificentissimam
1185 3944 1320 3998 exstruxit.
1331 3940 1372 3991 ttr-

319 4022 423 4077 latium.
437 4022 530 4075 lisso.
876 4034 926 4075 stat
940 4021 1020 4093 hujus
1031 4023 1134 4093 insigne
1146 4018 1372 4077 monumentorum

361 4100 388 4155 d.
401 4100 539 4157 Stadiouus
552 4103 632 4154 trium
642 4100 701 4154 Hoc
714 4112 765 4164 est,
774 4118 832 4173 pas·
876 4103 1373 4174 numeravetengenttsffimiueqm
