2950 5000
299 510 346 580 92
574 490 611 555 c.
640 488 935 559 munuum.
964 486 1098 559 utsr.

300 618 508 689 cicatricibus
545 622 687 690 maxime
719 620 941 715 glutinandis,
982 635 1016 690 et
1047 633 1164 691 contra
1204 633 1380 691 tenesmos

301 726 583 820 dysenteriasque,
601 728 707 797 infusa
728 728 928 822 clysteribus
949 752 1026 796 cum
1047 740 1177 821 myrteo
1196 724 1284 796 oleo.
1309 726 1380 797 Ad-

300 831 385 901 dunt
402 845 436 899 et
457 834 490 899 in
506 832 764 920 medicamenta,
782 860 855 928 quae
872 848 994 903 vocant
1014 832 1133 929 liparas
1141 818 1165 919 ⁵,
1190 831 1233 901 ad
1254 856 1380 917 excre-

301 939 427 1007 scentia
446 924 650 1025 hulcerum⁶,
669 955 728 1009 aut
742 966 782 1009 ex
799 941 914 1009 attritu
933 940 1038 1027 facta,
1057 954 1115 1009 eut
1128 940 1163 1007 iu
1176 939 1288 1033 capite
1308 962 1381 1007 ma·

218 1121 222 1125 ⁴
267 1089 281 1121 2
302 1045 423 1112 nantia.
439 1045 491 1115 Fit
510 1046 544 1112 in
564 1046 677 1115 iisdem
697 1045 838 1117 metallis
857 1062 891 1115 et
910 1072 983 1140 quae
1003 1060 1142 1116 vocatur
1163 1044 1308 1140 spuma⁷
1324 1060 1390 1113 ar:

300 1151 400 1244 genti.
417 1153 551 1219 Genera
568 1152 639 1244 ejus
655 1155 741 1221 tria:
762 1154 887 1247 optima
908 1178 1007 1246 quatu
1026 1137 1207 1246 chrysitiu⁸
1227 1166 1380 1220 vocant:

300 1254 463 1340 secunda,
496 1281 596 1350 quam
618 1260 801 1353 argyritiu:
828 1261 940 1342 tertia,
968 1283 1067 1353 quam
1095 1256 1309 1351 molybditin.
1335 1260 1383 1327 Et

300 1361 495 1457 plerumque
513 1388 629 1433 omnes
649 1366 684 1433 bi
706 1364 835 1435 colores
854 1368 888 1435 in
907 1364 1022 1435 iisdem
1038 1362 1181 1433 tubulis⁹
1196 1363 1381 1431 inveniun-

301 1483 365 1537 tur.
399 1468 633 1539 Probatissima
675 1486 726 1541 est
762 1470 914 1556 attica¹⁰,
949 1472 1099 1566 proxima
1130 1470 1380 1564 Hispaniensis.

299 1574 490 1669 Cbrysitis''
517 1601 558 1645 ex
579 1602 665 1646 vena
685 1579 757 1673 ipse
780 1578 837 1666 fit,
857 1579 1070 1672 argyritisex
1084 1590 1245 1672 argento,
1264 1574 1382 1670 moly·

338 1752 367 1807 5.
387 1755 451 1823 Qua
471 1766 562 1807 vocent
583 1756 683 1825 upum.
707 1758 748 1809 De
767 1756 811 1808 bis
854 1757 933 1811 icone
943 1753 1016 1827 apud
1030 1754 1182 1831 Agricolsm
1199 1752 1294 1809 delle
1313 1768 1384 1811 ruet.

297 1834 401 1904 egimus
414 1834 524 1899 xxm,
537 1835 582 1887 81.
599 1836 690 1887 Hsun.
855 1838 896 1901 X,
911 1856 939 1909 p.
954 1836 1020 1900 384.
1038 1834 1132 1888 Ηιιυ.·

337 1914 363 1965 6.
381 1912 427 1965 Ad
440 1918 598 1967 excrescentia
611 1914 740 1968 bulcem.
763 1912 808 1967 Ad
899 1933 941 1969 to.
961 1916 1135 1968 Produtissimc
1159 1925 1196 1964 est
1218 1916 1309 1967 utte'css.
1336 1915 1384 1969 Sic

297 2010 390 2045 carues
402 1992 430 2045 iu
444 1993 598 2047 hulceribus
609 2006 789 2048 excrescentes
801 2032 809 2059 ,
855 1996 982 2060 Dioscv,
1002 2012 1064 2049 ros.
1076 1994 1168 2047 llnu.

302 2065 452 2126 “Urere
465 2090 496 2126 ex
508 2076 602 2127 attritu
616 2074 699 2139 laus,
712 2086 763 2127 etc.
774 2074 808 2125 tt.
898 2094 942 2129 ιι.
963 2076 1089 2145 beeitis.
1111 2074 1142 2125 ln
1166 2072 1209 2126 bis
1230 2075 1319 2128 rebus
1342 2074 1384 2127 di-

340 2156 369 2206 7·
393 2136 490 2207 SM*
512 2155 658 2226 Διθᾶργιιρος
687 2154 809 2207 Dioscor.
854 2153 1019 2226 stingueudis
1029 2154 1132 2206 Plinius
1144 2152 1254 2206 tattttur.
1262 2152 1384 2222 chr-yet

300 2215 336 2279 V,
350 2235 413 2270 ros.
428 2218 549 2286 Nostris,
562 2234 811 2304 ttemrge.llsnu.—
855 2235 888 2287 tis
906 2236 940 2289 ab
958 2252 1024 2287 auro
1043 2233 1154 2286 minime
1167 2232 1239 2286 dicta
1254 2244 1316 2301 est,
1332 2232 1384 2288 esd

300 2294 810 2373 Spsmvsesti·¹²itesspuusexroto
854 2315 916 2385 quia
932 2316 1059 2385 majorem
1083 2312 1185 2384 ignium
1203 2312 1260 2365 vim
1282 2332 1383 2384 passu,

298 2376 426 2446 plumbo,
446 2378 520 2451 quod
536 2398 597 2433 cum
612 2382 670 2435 aliis
682 2392 807 2455 mes-llis,
854 2388 972 2447 colorem
984 2394 1085 2446 fulvum
1095 2392 1227 2446 contruxit
1236 2410 1244 2445 s
1254 2395 1301 2445 vel
1313 2394 1383 2467 quie

296 2472 330 2508 ec
344 2457 477 2530 praecipue
487 2476 548 2514 cum
560 2474 686 2534 urgento,
698 2462 732 2517 ed
747 2464 810 2518 leel·
855 2474 887 2528 fit
896 2491 927 2528 ex
942 2474 1056 2527 mixtura
1069 2470 1174 2544 plumbi
1188 2482 1215 2525 et
1231 2474 1315 2540 suri,
1333 2474 1383 2529 vel

297 2534 391 2591 liorem
402 2539 533 2594 fusionem
544 2542 811 2616 purificationemque
856 2569 886 2604 er
905 2555 1019 2608 mistura
1030 2553 1097 2606 eris.
1108 2551 1285 2625 lithargyrus
1298 2555 1336 2609 fit
1347 2575 1382 2610 ex

298 2615 431 2672 miscetur.
444 2619 574 2674 Fervente
586 2623 711 2688 mixtura,
723 2624 812 2694 plum·
855 2648 933 2684 ersus
960 2632 1126 2704 plumbatis,
1157 2623 1185 2685 1⁰
1218 2651 1252 2686 ex
1280 2633 1383 2706 lepide

296 2695 361 2748 bum
371 2699 575 2772 violentiaignis
587 2715 758 2757 extenuatum
772 2705 810 2757 le·
854 2711 1022 2781 plumbatis,
1043 2699 1076 2767 2⁰
1089 2729 1120 2764 ex
1141 2711 1275 2781 plumbeis
1299 2714 1383 2768 lemi-

297 2775 408 2830 ritatem
417 2780 549 2850 acquirit,
563 2789 811 2854 urgentusuperne·
854 2791 911 2856 nis,
930 2780 962 2841 3⁰
978 2807 1009 2844 ex
1026 2793 1139 2845 mixture
1156 2789 1262 2861 plumbi
1285 2805 1318 2846 et
1341 2813 1384 2848 sr-

231 2863 237 2872 '
296 2867 351 2921 tat,
367 2857 809 2930 etlitspurns.llrsor.-Litbur-
854 2870 941 2941 genti,
956 2862 1153 2933 4⁰sxmixtura
1165 2869 1264 2924 borum
1276 2873 1382 2928 nium.

296 2953 377 3004 gyrus
396 2939 464 2990 nibil
485 2939 559 2994 eliud
580 2950 619 2995 est
635 2961 714 3014 quem
735 2943 809 3016 quod
857 2949 986 3020 Agricola.
1000 2981 1040 2992 —
1054 2951 1182 3024 chrysea.
1195 2951 1235 3002 Ex
1250 2953 1313 3023 ipse
1331 2973 1379 3007 ιι.

295 3015 496 3100 stimulosa«
511 3021 542 3073 de
557 3022 654 3092 plomb,
674 3022 715 3076 vel
724 3025 809 3094 plomb
853 3029 925 3100 genti
939 3047 1005 3083 reus
1018 3049 1063 3084 seu
1075 3041 1145 3083 tem
1155 3047 1287 3095 sreusve,
1299 3032 1383 3089 unde

295 3095 370 3148 οειὶίέ
383 3112 486 3153 vocant.
501 3100 570 3154 Huic
586 3101 749 3176 quaudoque
765 3121 809 3157 su·
852 3121 989 3179 argeutum
1007 3110 1164 3173 extrahitur,
1181 3123 1301 3165 coctura.
1323 3115 1383 3167 Ex·

294 3191 357 3226 reus
371 3177 508 3247 splendor,
525 3193 552 3233 et
571 3195 610 3235 est
628 3183 756 3253 chrysitim
770 3201 808 3236 er·
853 3189 933 3260 coqui
944 3191 1016 3242 euim
1031 3201 1101 3243 terra
1114 3189 1172 3242 buc
1186 3207 1244 3242 ιιοιι
1262 3205 1380 3262 potest,

293 3266 419 3325 geuteus,
441 3272 467 3312 et
483 3272 523 3312 est
542 3264 674 3333 argyritis,
694 3274 746 3315 etc.
765 3262 808 3315 Fit
853 3281 882 3320 ut
896 3267 998 3321 dictum
1012 3287 1070 3341 esp.
1085 3268 1266 3335 31,nisieunr
1279 3272 1379 3342 plum-

294 3334 400 3404 plumbi
424 3339 561 3411 colliqusti
582 3359 644 3394 cum
670 3341 808 3396 busseris
851 3347 888 3400 bo
906 3349 1000 3419 nigro,
1016 3361 1061 3402 sut
1078 3367 1140 3402 cum
1157 3366 1224 3400 vene
1240 3350 1379 3420 plumbi,

293 3421 807 3492 parte,querueeigeuesppellautmix-
851 3443 910 3498 quse
921 3430 994 3498 justa
1003 3428 1105 3499 argenti
1115 3445 1194 3480 venas
1203 3427 1376 3504 plerumque
1404 3481 1411 3491 .

294 3496 429 3549 ture-Eu.
849 3507 1005 3576 repetitur:
1028 3507 1101 3560 unde
1126 3519 1195 3560 tetra
1229 3525 1260 3561 ee
1283 3512 1380 3583 moly-

335 3578 361 3628 8.
378 3576 459 3644 Quam
476 3578 600 3646 chrysitim
615 3582 637 3632 Α
651 3582 743 3634 colore
757 3598 805 3634 au·
850 3583 943 3639 bdaenu
962 3587 1124 3641 nominetur.
1147 3585 1255 3639 Oribss.
1280 3589 1377 3653 xm,

293 3671 357 3717 reo,
375 3673 419 3707 seu
438 3655 523 3722 flavo,
542 3677 626 3730 quum
642 3661 745 3732 argenti
762 3680 806 3714 ve·
850 3664 869 3716 f.
895 3669 968 3721 aad:
994 3692 1005 3714 ι
1022 3667 1211 3736 Litbargyrcs,
1232 3666 1287 3720 hoe
1314 3684 1379 3738 est,

293 3735 494 3804 utplurimum
514 3740 574 3791 eris
591 3739 738 3794 admixtum
758 3753 804 3796 est.
849 3747 953 3816 argenti
968 3765 1078 3818 spuma,
1097 3745 1220 3816 quedem
1235 3764 1271 3799 ex
1285 3765 1375 3803 neue

334 3832 360 3881 9.
377 3816 407 3866 Iu
424 3817 506 3868 eisdem
527 3818 624 3872 tubulis.
643 3822 708 3890 lleg.
731 3840 756 3882 ι,
777 3833 805 3874 et
849 3823 898 3888 fit,
911 3843 970 3896 que
985 3823 1140 3897 molybditis
1158 3826 1328 3892 nominetur,
1344 3830 1376 3883 in

293 3890 370 3945 Colb.
385 3893 412 3956 3,
423 3897 448 3947 iu
460 3897 543 3949 iisdem
557 3900 743 3954 rabullellele.
754 3902 805 3954 Fu·
849 3903 955 3958 forusde
974 3923 1057 3978 usque
1074 3904 1140 3958 dum
1157 3917 1211 3958 tots
1228 3906 1256 3958 in
1275 3906 1375 3996 'praem

292 3991 364 4026 sores
375 3973 458 4028 bodie
469 3995 551 4047 penes
561 3993 671 4043 vocaus,
680 3999 726 4032 seu
738 3999 804 4034 mas·
846 3985 954 4055 penitus
975 3985 1121 4048 transierit,
1143 3997 1252 4039 excoctu
1265 4005 1272 4036 ι
1294 4005 1375 4058 quo·

292 4069 347 4116 sss,
359 4053 803 4131 ultusquenubulusautiquiNide
846 4061 907 4116 dem
925 4083 989 4117 vero
1002 4083 1034 4118 ex
1054 4077 1177 4136 argento,
1190 4062 1315 4136 quedem
1335 4085 1373 4120 ex

291 4130 405 4187 formum
428 4136 582 4191 tubulorum
601 4157 752 4211 expressam
773 4142 801 4195 in
846 4143 1006 4214 plumbo...
1023 4143 1185 4218 Appellatus
1205 4163 1290 4212 vero,
1305 4165 1375 4218 qun
