2950 5000
346 446 418 533 234
612 453 650 522 C.
678 453 844 522 PLlNll
872 451 978 521 NAT.
1008 451 1144 522 HIST.
1235 395 1245 436 Ι

343 582 420 654 dam
436 581 469 655 id
484 579 566 654 fieri.
578 585 622 657 Et
637 599 768 658 exstare
782 583 924 658 ferreum
936 597 1089 656 catenam
1102 583 1191 680 opud
1205 585 1386 681 Euphratem

342 713 493 774 amnem,
513 691 548 758 io
568 689 653 762 urbe
669 717 744 786 quae
762 695 909 786 Zeugma
924 690 1121 788 appellatur,
1143 716 1209 787 que
1226 690 1387 765 Alexander

342 795 509 892 Μιςιιιιι7
528 795 573 868 ibi
590 796 747 890 junxerat
771 812 927 892 pontem,
958 798 1053 892 cujus
1077 796 1195 868 anulos
1217 801 1271 894 qui
1291 799 1388 870 reiecti

342 916 440 987 sunt,
457 903 609 999 rubigine
629 889 809 992 infestari⁸,
826 903 1014 976 carentibus
1032 928 1071 974 ee
1090 904 1263 1000 prioribus.

310 1034 322 1072 ι
394 1011 522 1080 XLIV.
550 1009 718 1080 Medicina
739 1036 759 1081 e
780 1009 868 1082 ferro
893 1025 1002 1084 estet
1027 1009 1112 1094 elia,
1138 1036 1239 1106 quarn
1265 1010 1388 1082 secundi.

342 1117 494 1210 Namque
511 1116 738 1193 circumscribi
750 1117 903 1208 circulos,
919 1132 1012 1188 terve
1028 1117 1223 1190 circumlato
1234 1141 1389 1202 mucrone,

341 1235 375 1290 et
388 1221 509 1292 adultis
521 1236 555 1292 et
569 1223 749 1294 infantibus
762 1224 898 1321 prodest
907 1238 1024 1296 contre
1037 1225 1135 1294 noxia
1150 1224 1388 1296 medicamenta:

340 1341 375 1397 et
388 1328 566 1424 praefixisse
582 1331 616 1399 io
629 1329 775 1402 liminee
794 1330 948 1426 sepulcro
966 1329 1097 1402 evulsos
1115 1329 1228 1404 clevos
1250 1330 1390 1402 adversus

340 1450 522 1506 nocturnas
534 1434 808 1532 lymphationes'.
827 1439 999 1534 Pungique
1016 1435 1133 1508 leviter
1151 1462 1323 1520 mucrone,
1334 1459 1391 1531 quo

340 1565 516 1635 percussus
528 1542 631 1614 bomo
647 1545 707 1631 eit,
728 1558 846 1636 contre
867 1543 998 1614 dolores
1013 1542 1153 1617 interum
1170 1559 1389 1639 pectorumque

340 1647 483 1736 subitos,
506 1651 563 1746 qui
594 1652 809 1747 punctionem
835 1649 988 1725 efferunt.
1019 1649 1183 1750 Quaedam
1207 1653 1329 1722 ustione
1351 1673 1392 1720 sa·

221 1834 224 1839 ,
339 1753 480 1824 nentur²
493 1781 501 1824 :
514 1758 670 1851 privatim
685 1782 767 1827 vcro
780 1759 871 1826 carris
886 1757 991 1828 rubidi
1005 1781 1144 1828 morsus.
1164 1760 1296 1853 Quippe
1307 1757 1390 1826 etism

338 1861 539 1955 prevalente
558 1863 696 1950 morbo,
718 1859 1038 1959 expavescentemque
1062 1877 1200 1959 potum,
1222 1879 1294 1934 ustn
1309 1861 1391 1958 pinge

339 1965 427 2037 ildico
448 1967 639 2039 liberentur.
666 1955 809 2040 Cniefit³
830 1973 928 2040 etium
953 1971 1041 2040 ferro
1068 1969 1231 2040 candente
1254 1969 1391 2065 aqun,in

341 2072 456 2145 multis
475 2077 579 2159 vitiis,
598 2077 756 2172 privatim
777 2102 857 2148 vero
876 2076 1098 2172 dysentericis.

339 2277 471 2332 moneris
490 2296 597 2345 mrum,
619 2278 746 2334 usturslis
760 2297 850 2334 rernm
895 2279 1088 2354 lymphationes.
1110 2277 1151 2332 De
1170 2275 1334 2352 lymphaticis
1347 2273 1393 2346 egi·

340 2353 508 2423 differentis,
519 2355 725 2430 dimidiumque,
738 2373 768 2414 ιιι
782 2359 851 2414 inter
894 2359 1052 2424 musXXV‚
1068 2366 1113 2424 ²4·
1128 2357 1222 2412 Hsun.

339 2435 428 2509 ignem
442 2450 469 2491 et
481 2456 586 2513 equum.
603 2439 695 2494 Ηιιιιι.
937 2459 963 2492 s.
977 2439 1097 2511 Quoedom
1106 2439 1198 2490 ustione
1207 2449 1329 2490 emantur.
1339 2433 1390 2487 Hec

381 2536 408 2588 7.
423 2518 569 2571 Alexander
579 2518 695 2590 Magaris.
707 2516 779 2591 Vide
792 2538 851 2593 qun
894 2518 1027 2574 medicine
1042 2520 1195 2573 etiamnunc
1211 2516 1283 2590 opud
1297 2536 1343 2570 nos
1354 2532 1393 2587 po-

339 2594 456 2651 diximus
476 2599 513 2665 V,
540 2616 585 2653 ar.
607 2600 641 2653 Η.
663 2632 706 2642 -—
721 2599 851 2661 Iusserat.
894 2598 1025 2653 tissimum
1038 2596 1248 2651 commendetur.
1258 2598 1308 2650 En.

339 2674 425 2731 Gron.
440 2690 466 2732 et
477 2678 520 2731 tu.
531 2682 654 2733 etnam.
665 2680 717 2733 En.
936 2678 963 2733 3.
977 2676 1074 2749 Culefir.
1086 2678 1174 2735 Diosc.
1184 2677 1221 2741 V,
1236 2676 1284 2750 93,
1292 2672 1392 2730 calefieri

378 2756 852 2831 8.1rrfestcri.Subintellige‚serunt‚
894 2757 932 2813 sic
950 2757 1003 2823 sit,
1020 2770 1052 2811 ut
1068 2756 1182 2811 coelincis
1199 2757 1300 2831 prosit,
1315 2756 1393 2826 dysm-

338 2852 371 2889 ει
383 2836 608 2893 antecedentibus.
618 2838 853 2894 11.-cmrretm
898 2838 1000 2905 tericis,
1013 2836 1129 2901 lienosis,
1137 2850 1188 2890 etc.
1197 2836 1235 2889 Ut
1247 2835 1392 2908 epilepticis,

339 2934 368 2966 eu
380 2916 511 2986 peroribus.
525 2918 623 2973 Fuitne
637 2918 731 2991 priscis
744 2918 853 2971 invente
895 2914 1392 2989 cst.Auret.ctrr.1‚u.deepitepsi=:

338 3013 381 3049 ers
395 2996 432 3051 its
452 2998 553 3052 ferrum
569 2996 701 3053 fundendi
719 3009 769 3051 snt
785 3011 852 3051 tcm-
899 3022 911 3045 ι
931 2996 1036 3051 Dehinc
1062 2996 1213 3067 squamulae
1237 2996 1322 3061 ferri,
1346 3010 1393 3047 rum

337 3074 466 3145 modi,
483 3090 515 3132 nt
532 3079 683 3150 rubiginem
698 3096 755 3133 non
773 3077 853 3131 senti·
896 3095 963 3151 eque
974 3078 1002 3131 in
1013 3094 1066 3151 qua
1081 3075 1162 3129 fuerit
1178 3072 1294 3129 candem
1307 3076 1392 3128 serrum

337 3156 490 3211 mrum.
895 3157 1076 3229 prtctinctnm.
1098 3180 1109 3202 ι
1134 3156 1173 3209 Ut
1201 3155 1308 3209 lienosis
1329 3154 1393 3207 etism

376 3236 506 3291 xuni.
517 3236 772 3309 Lympdrtr’om.llm
781 3236 853 3291 Gris-
896 3234 967 3293 Cels.
976 3237 1027 3303 IV,
1040 3255 1057 3305 9
1070 3253 1076 3289 :
1093 3261 1105 3284 ι
1118 3234 1181 3289 Post
1193 3234 1299 3300 cibum,
1308 3234 1392 3307 inquit,

337 3312 362 3367 ci
383 3330 480 3371 vocant
504 3318 670 3389 υυμυυλιιψίιις
693 3313 851 3389 νυκτερινὰς,
896 3334 965 3389 equs
978 3335 994 3370 ιι
1009 3314 1121 3371 ferrario
1138 3314 1231 3381 febro,
1242 3314 1271 3367 io
1287 3330 1392 3387 quaem·

337 3405 406 3449 utet
417 3397 618 3468 νυμφολήπτους,
631 3398 803 3471 lymphatos,
816 3398 853 3453 ie·
896 3394 961 3451 dens
980 3397 1080 3451 ferrum
1099 3392 1215 3449 subinde
1227 3394 1339 3449 tinctum
1351 3391 1391 3444 sir:

335 3474 451 3541 nonnos,
468 3477 599 3542 furentes,
617 3478 693 3549 qussi
712 3490 852 3549 correptos
894 3476 952 3532 brec
977 3476 1049 3534 enirn
1080 3475 1122 3527 rel
1148 3474 1285 3547 praecipue
1311 3474 1391 3527 lienem

337 3552 635 3629 Nympharumspiritu.
644 3555 770 3612 Credidit
779 3556 850 3611 enim
895 3568 1000 3610 coercet
1018 3572 1025 3608 :
1043 3552 1116 3626 quod
1138 3552 1347 3609 animadversum
1362 3560 1393 3603 est

336 3646 451 3691 vetusne
463 3634 554 3693 furore
566 3649 697 3709 perpetuo
708 3636 850 3708 exagitari,
895 3637 923 3689 in
942 3636 985 3691 bis
997 3634 1173 3699 animalibus,
1186 3652 1246 3704 qum
1264 3630 1334 3703 apud
1352 3631 1392 3683 bos

336 3714 384 3785 qni
410 3715 545 3787 Nympho
570 3717 686 3789 speciem
716 3734 749 3769 ex
774 3717 850 3789 aquis
894 3716 983 3770 fabros
1005 3712 1115 3768 educate
1136 3712 1246 3785 exigrros
1264 3710 1391 3767 lienesbs·

335 3792 512 3865 prodeuntem
522 3796 690 3869 aspexissent.
702 3796 772 3849 Ante
784 3814 850 3867 pra·
892 3796 966 3849 beot.
990 3820 1002 3843 s
1024 3794 1064 3847 Ut
1094 3792 1181 3847 vesica
1209 3791 1391 3851 lsbornntibus.

335 3872 403 3926 lium
425 3874 595 3929 commissum
619 3894 682 3930 cum
705 3874 793 3931 Persis
815 3874 850 3931 sd
893 3875 979 3939 Scrib.
1003 3874 1081 3945 Lug.
1108 3892 1197 3944 comp.
1213 3890 1311 3927 cxcvi:
1332 3896 1343 3917 ι
1357 3866 1392 3920 dd

336 3952 851 4025 Pistommrdtossdcitbmronemnym·
893 3966 1042 4020 tumorem,
1062 3952 1167 4025 inquit,
1184 3964 1212 4006 et
1227 3950 1342 4005 doiomm
1354 3966 1391 4000 re·

336 4032 477 4105 pboleptos
493 4048 520 4091 et
533 4036 660 4091 funstieos
676 4035 757 4089 fuisse
769 4032 849 4089 trudit
893 4035 971 4099 sica,
994 4044 1022 4087 et
1045 4032 1299 4096 abstractionem,
1324 4030 1391 4083 bene-

335 4112 496 4171 Prummu·
516 4117 544 4171 iu
566 4114 690 4171 Aristide.
715 4116 783 4169 Die.
808 4142 847 4159 -
893 4114 956 4170 fecit
970 4112 1094 4187 sqnn‚in
1108 4130 1161 4185 qus
1176 4110 1276 4167 terrum
1291 4105 1391 4167 eandms
