2950 5000
337 511 407 593 ald
610 507 1132 579 acuminaretur.
1241 461 1250 478 ⁴

334 656 466 714 acetum
480 639 607 712 additis.
626 640 826 712 Adulterant
843 665 1009 712 marmore
1028 638 1138 712 trito¹²
1154 642 1292 712 maxime
1303 643 1379 713 Rho·

334 749 424 818 diam
436 749 637 843 aeruginem,
650 746 704 816 alii
723 749 872 843 pumice,
890 763 948 818 aut
958 751 1094 844 gummi.
1108 748 1276 844 Praecipue
1288 765 1379 818 autem

334 853 418 926 fallit
428 841 452 882 ¹³
465 868 652 924 atramento
670 856 797 924 sutorio
815 854 1008 926 adulterata.
1024 857 1151 925 Caetera
1166 858 1254 925 enim
1267 844 1288 888 ¹⁴
1300 856 1382 924 dente

334 961 641 1056 deprehenduntnr,
654 961 827 1032 stridentia
840 962 874 1030 in
888 961 1071 1032 frendendo
1080 947 1115 1026 ¹⁵.
1130 964 1382 1056 Experimenturn

301 1069 371 1137 tin
391 1067 507 1136 batillo
517 1051 542 1091 ¹⁶
561 1067 690 1137 ferreo:
711 1092 788 1138 nam
808 1093 882 1162 quae
903 1070 1030 1138 sincera
1048 1082 1117 1152 eat,
1138 1093 1237 1137 suarm
1258 1067 1383 1137 colorem

335 1175 475 1242 retinet:
490 1198 563 1268 quae
579 1176 683 1242 mixta
697 1189 895 1264 atramento,
914 1174 1068 1244 rubescit.
1082 1175 1342 1268 Deprehenditur
1359 1187 1386 1244 et

335 1303 478 1374 papyro,
493 1278 578 1375 galla
592 1281 684 1374 priua
697 1295 865 1350 macerato
881 1301 888 1344 ε
909 1283 1066 1374 nigrescit
1085 1283 1175 1349 enim
1192 1283 1299 1350 statim
1312 1305 1385 1349 reru-

335 1387 412 1480 gine
432 1384 525 1469 illita.
552 1386 826 1481 Deprehenditur
848 1402 881 1457 et
903 1388 994 1472 visu,
1020 1385 1164 1481 maligne
1188 1389 1305 1458 virens.
1333 1385 1386 1455 Sed

333 1493 404 1561 aive
421 1494 584 1562 sinceram
607 1494 676 1562 sive
696 1491 933 1580 adulteratam,
951 1495 1158 1587 aptissimum
1180 1509 1231 1563 est
1250 1495 1386 1564 siccatam

333 1597 368 1666 in
381 1600 495 1692 patina
512 1623 599 1668 nova
612 1600 664 1667 uri
675 1597 699 1638 ¹⁷
710 1613 745 1668 et
758 1601 899 1683 versari,
916 1599 1023 1668 donec
1041 1597 1151 1668 favilla
1166 1586 1274 1668 fiat¹⁸:
1290 1613 1388 1694 postea

332 1706 451 1773 teritur
472 1719 507 1774 et
526 1703 727 1774 reconditur.
750 1704 860 1800 Aliqui
873 1705 897 1744 ¹⁹
919 1707 953 1775 in
976 1706 1087 1776 crudis
1109 1705 1267 1776 fictilibus
1283 1717 1388 1787 urunt,

334 1933 465 2005 contingit
479 1934 682 1988 coronariorum
698 1951 751 1987 ree.
765 1945 817 1988 eto.
833 1959 844 1982 ι
892 1945 946 1998 est,
958 1933 1048 1994 laevia,
1066 1944 1092 1985 et
1105 1949 1160 1986 non
1174 1951 1281 2004 aspera,
1296 1933 1344 1986 illie
1355 1949 1390 1984 re-

336 2015 457 2086 Optime.
466 2007 849 2088 Contengiteatexeiatitnempe
892 2011 942 2065 dit.
958 2037 969 2059 ι
982 2009 1105 2064 Totidem
1122 2014 1211 2066 verbio
1224 2025 1251 2066 et
1264 2014 1348 2067 Dione.
1361 2013 1392 2075 V,

216 2093 221 2102 ’
335 2113 434 2165 ungo.
442 2094 566 2157 Dixerat,
576 2117 588 2140 ι
598 2092 733 2164 AEruginie
742 2111 849 2166 quoque
893 2109 942 2162 9¹·
956 2092 1046 2144 lirun.

336 2193 447 2244 magona
461 2190 541 2236 anua,
566 2171 614 2225 aed
633 2173 757 2242 pluribus
774 2191 803 2224 ea
817 2173 849 2226 fit
936 2173 982 2226 15.
998 2169 1131 2223 Ser-edentia
1146 2173 1173 2221 in
1180 2171 1324 2239 frendendo.
1335 2172 1389 2223 Dio·

337 2251 432 2306 modis.
446 2278 459 2299 ι
472 2251 603 2304 coronarii
609 2289 617 2315 ,
627 2252 673 2323 qni
685 2269 801 2305 coronae
812 2253 850 2306 fa·
891 2250 1018 2314 acoridea,
1027 2245 1072 2303 διὰ
1082 2257 1125 2312 τῆς
1135 2247 1243 2306 ὀδόντων
1255 2254 1393 2324 iscariotae,

336 2331 427 2398 ciunt,
440 2332 490 2385 lib.
503 2331 583 2397 xxi,
601 2349 615 2382 a
631 2347 663 2383 a·
678 2331 793 2401 Sicyone
808 2332 849 2384 iu·
891 2329 1012 2384 dentium
1026 2333 1245 2401 apprenuAEau.

336 2410 415 2482 genio
428 2410 529 2466 Pausi·
540 2409 649 2481 pictoria
660 2423 741 2482 atquo
755 2411 850 2482 Glyce-
937 2413 982 2462 16.
994 2409 1192 2481 Experimentum
1202 2415 1227 2463 eia
1239 2412 1331 2464 batillo.
1341 2412 1394 2464 Fer·

338 2510 374 2545 ra
387 2490 533 2545 coronario
542 2487 703 2544 dilectnilli.
720 2516 732 2538 ι
746 2489 848 2545 Mem
892 2508 968 2543 num
990 2487 1019 2543 id
1043 2491 1250 2545 instrumentum
1272 2506 1326 2553 eet.
1348 2510 1393 2563 qno

336 2571 496 2643 lib.cap.9:
509 2570 573 2623 ualii
583 2570 849 2642 mphaltion,majore
892 2588 985 2640 pruna
1005 2570 1178 2641 colliguntur,
1198 2570 1233 2625 ad
1253 2570 1393 2625 similitudi·

337 2650 418 2717 lolio,
431 2668 487 2722 quo
497 2662 610 2704 utuntur
624 2650 771 2712 coronarii,
795 2676 806 2697 ι
823 2663 850 2704 et
893 2666 954 2702 nem
963 2649 1029 2721 palo
1037 2666 1044 2702 :
1052 2668 1097 2701 nne
1105 2650 1169 2721 pelle
1179 2670 1195 2701 e
1201 2654 1257 2717 see.
1267 2652 1393 2705 laminam

337 2749 396 2802 cap.
417 2748 450 2783 ra
469 2747 477 2781 ε
495 2754 507 2777 ι
529 2729 672 2783 Coronatii
692 2728 802 2801 quidem
823 2740 850 2783 et
893 2746 944 2799 pro
962 2728 1056 2783 batillo
1075 2728 1166 2783 Diosc.
1187 2731 1315 2795 adhibet,
1333 2729 1394 2802 qnod

337 2809 420 2882 opina
430 2807 497 2861 flore
511 2820 631 2863 utuntur.
646 2834 658 2855 ·
676 2808 850 2862 Gnouom-
892 2806 1017 2861 eumdem
1033 2826 1109 2861 naum
1121 2809 1203 2863 habet
1216 2830 1224 2863 =
1236 2824 1332 2865 caetero
1343 2812 1395 2864 Dio·

340 2888 535 2943 common.
548 2888 718 2960 Eraiatitjam
732 2906 850 2961 nrugoa
892 2888 1004 2941 acoridie
1028 2888 1125 2941 rationi
1150 2906 1259 2959 prorsus
1285 2892 1394 2945 Pliniana

338 2967 518 3022 recisamentia
537 2968 626 3030 aereis,
642 2985 701 3039 qun
720 2968 851 3039 abjiciunt
894 2968 1018 3038 congruit
1033 2969 1087 3020 :Tl
1097 2962 1289 3037 ὃὶχσὶλιιανθον,
1304 2972 1394 3042 iuquit,

338 3047 358 3101 ii
371 3048 418 3121 qni
433 3064 543 3101 coronaa
553 3064 585 3100 ea
595 3048 766 3113 arefaciunt,
776 3046 850 3119 quod
894 3048 1059 3117 ἀπιλίγχιται
1081 3054 1116 3119 τῷ
1133 3050 1208 3119 πυρὶ,
1229 3060 1280 3103 etc.
1300 3078 1312 3099 ι
1329 3052 1395 3103 Atra-

338 3127 508 3181 ooronarium
520 3126 621 3180 idcirco
629 3127 792 3199 appellatum
804 3140 851 3193 eut,
893 3138 1012 3180 mentum
1026 3127 1156 3179 sutorium
1177 3129 1239 3199 igne
1256 3128 1395 3202 deprehen·

338 3226 397 3279 cap.
412 3224 457 3259 ao.
470 3206 561 3260 lieno.
893 3203 967 3258 ditur
977 3222 985 3259 ε
995 3224 1110 3276 namque
1123 3206 1143 3258 ai
1157 3208 1262 3261 laminae
1273 3222 1319 3264 ant
1329 3208 1395 3263 fictili

383 3302 428 3339 aa.
438 3286 587 3339 Adulteram
596 3304 713 3338 memore
720 3288 789 3349 trito,
799 3298 851 3341 eto.
895 3286 1038 3356 anaginem
1059 3285 1094 3338 ita
1107 3284 1283 3342 adulteratam
1304 3292 1396 3361 inaper-

338 3364 462 3420 'I'otidem
484 3366 574 3419 verbi·
593 3366 682 3418 Dioac.
701 3368 737 3430 V,
756 3384 804 3434 91,
824 3378 851 3419 et
892 3365 1280 3429 aeria‚ethornrnalterutrnm
1293 3368 1394 3424 ferreoli

338 3446 444 3499 Oribas.
459 3445 543 3511 x111,
560 3462 588 3516 p.
609 3462 676 3514 aa7.
697 3444 730 3496 ll.
741 3478 781 3487 -
796 3446 850 3499 Aut
892 3444 975 3497 cineri
993 3458 1040 3498 ant
1053 3445 1146 3517 prunis
1163 3446 1337 3518 imposueris,
1348 3466 1396 3502 rna·

283 3547 285 3550 ·
336 3524 672 3595 gumthuidamraailem
680 3522 850 3590 deteriorem,
893 3524 1395 3597 tatoeolorerubescet,quaaan·amento

338 3604 456 3658 admixto
466 3604 584 3675 gummi,
594 3622 646 3675 pro
654 3603 751 3657 factitia
760 3606 851 3675 priore
891 3604 993 3657 autorio
1004 3603 1085 3657 mixta
1098 3605 1193 3671 suerit,
1207 3620 1260 3661 etc.
1274 3632 1285 3655 ι
1306 3610 1338 3661 H.

337 3682 473 3748 rendunt,
483 3683 572 3756 inquit
581 3682 734 3737 Diorcorid.
747 3681 800 3736 Sed
812 3684 850 3737 vi·
936 3702 979 3753 ¹7·
995 3685 1025 3737 Iu
1037 3688 1124 3754 [retina
1140 3704 1202 3737 nom
1219 3690 1266 3739 uri.
1280 3688 1343 3742 linc
1354 3699 1396 3741 tut·

338 3763 436 3817 tioanm
448 3761 476 3815 id
489 3782 574 3835 ςευω
585 3763 763 3835 improbatur.
778 3764 849 3819 Dan.
891 3760 964 3815 idem
979 3764 1067 3817 verbio
1080 3764 1233 3819 Dioscorid.
1246 3768 1282 3830 V,
1294 3788 1338 3837 9²·
1350 3768 1379 3819 Η.

382 3841 428 3895 13.
448 3842 574 3913 Principio
597 3854 675 3895 eruere
693 3842 780 3911 fallit,
798 3857 848 3897 etc.
935 3844 980 3897 18.
994 3842 1079 3896 Donec
1086 3844 1243 3914 favillafiaet.
1260 3848 1396 3901 Donecoo·

339 3922 761 3976 Dioee.etorih.11,ce.flmu.
891 3920 976 3975 iurem
995 3922 1131 3976 cinereum
1146 3923 1346 3995 quodammodo
1363 3944 1397 3977 re·

381 4007 426 4065 14.
442 4001 538 4057 Cotem
548 4005 611 4053 enim
624 4002 709 4065 bate,
725 4013 777 4055 etc.
789 4000 850 4054 Ori·
891 4000 1071 4074 feram-inquit
1084 4003 1173 4055 Dione.
1187 4006 1233 4067 luc
1242 4007 1273 4059 ἂν
1283 4003 1396 4078 naveta·

337 4079 393 4133 baa.
409 4081 460 4134 loc.
473 4082 519 4135 cit.
529 4103 541 4126 ι
557 4080 631 4146 Quin
644 4079 769 4134 dentibna
780 4098 846 4151 quo·
888 4086 933 4149 λῃ,
946 4082 988 4135 καὶ
1003 4078 1162 4152 enoecadioe
1176 4090 1209 4154 τῇ
1223 4088 1296 4157 χρόᾳ.
1308 4088 1340 4139 ll.

336 4176 390 4229 qne
402 4160 571 4232 wssnocoitnr
581 4181 588 4211 z
597 4178 660 4214 naara
673 4178 734 4232 qun
743 4160 845 4214 sincera
933 4180 977 4229 ¹9·
991 4162 1083 4232 Aliqui.
1100 4162 1220 4217 Dioaoor.
1235 4166 1287 4219 loc
1299 4166 1341 4219 cit.
1353 4164 1382 4216 ll.
