2950 5000
289 410 362 483 668
563 417 601 484 C.
629 416 797 486 PLlNlI
821 419 931 487 ΝΑΤ.
958 418 1088 485 HIST.

260 572 272 605 ¹
347 548 421 615 Lx.
460 544 721 642 Heliotropium¹
759 552 907 619 nascitur
940 550 974 616 in
1009 548 1200 642 AEtliiopia,
1234 546 1349 629 Africa,

292 656 428 747 Cypro,
447 655 598 746 porracei
614 653 753 741 coloris,
765 656 952 749 sanguineis
969 656 1059 722 venis
1074 652 1240 723 distincta.
1254 655 1351 721 Causa

293 759 438 827 nominis
446 755 470 843 ²,
490 762 647 852 quoniam
668 760 798 853 dejecta
821 764 854 829 in
880 786 938 829 vas
960 784 1073 855 aqum,
1103 758 1265 855 fulgorem
1286 756 1353 825 solis

293 864 446 934 accendit
457 888 516 933 san
541 866 640 935 uineo
651 890 865 959 repercussu,
880 868 1023 936 maxime
1032 866 1228 959 AEtlriopica.
1240 862 1352 933 Eadem

293 978 386 1037 cntra
404 993 524 1063 aquam
558 971 684 1065 speculi
695 972 797 1042 modo
810 971 913 1041 solem
929 973 1066 1065 accipit,
1082 969 1355 1066 deprehenditque

293 1074 463 1161 defectus,
485 1075 681 1146 subeuntem
700 1076 813 1146 lunam
831 1078 1020 1148 ostendens
1045 1068 1245 1171 Magorum⁴
1260 1076 1356 1168 impu·

294 1180 414 1250 dentiae
441 1179 495 1249 vel
527 1183 830 1253 manifestissimum
850 1185 917 1254 hoc
940 1208 1072 1278 quoque
1093 1181 1280 1277 exemplum
1300 1194 1356 1263 est,

295 1288 451 1381 quoniam
477 1286 623 1357 admixta
643 1290 747 1358 herba
774 1288 995 1384 heliotropio,
1014 1288 1215 1383 quibusdam
1238 1308 1358 1381 quoque

262 1392 416 1464 sudditis
434 1396 770 1486 praecantationibus,
789 1410 959 1490 gerentem
979 1395 1128 1489 conspici
1148 1407 1281 1488 negent.
1301 1394 1357 1459 He

296 1485 477 1594 pbaestitis⁵
507 1524 641 1594 quoque
669 1502 795 1596 speculi
820 1518 974 1571 naturam
1007 1500 1109 1569 habet
1134 1502 1168 1568 in
1197 1496 1360 1567 reddendis

296 1605 513 1698 imaginibus,
543 1630 734 1701 quanquam
757 1608 904 1677 rutilans.
935 1608 1211 1700 Experimentum
1238 1618 1306 1689 est,
1337 1602 1360 1670 si

298 1710 481 1779 ferventem
496 1735 617 1807 aquam
636 1713 747 1783 addita
763 1716 876 1783 statim
895 1713 1091 1806 refrigeret:
1112 1726 1170 1781 aut
1186 1713 1214 1779 si
1232 1696 1284 1779 in⁶
1302 1706 1361 1777 sole

297 1816 410 1885 addita
430 1816 556 1885 aridam
578 1822 752 1889 materiam
775 1820 944 1889 accendat.
962 1817 1144 1887 Nascitur⁷
1170 1819 1204 1885 in
1226 1820 1358 1909 Coryco.

298 1909 553 2011 Horminodes⁸,
570 1950 610 1993 cx
625 1941 824 2021 argumento
838 1925 1012 1994 viriditatis
1030 1926 1066 1992 in
1084 1923 1227 1993 candida
1242 1942 1361 2019 gemma

297 2072 418 2123 hocloco
425 2069 587 2141 discrepant.
597 2074 661 2143 Reg.
673 2078 810 2143 efflantem.
856 2069 897 2125 dit
911 2072 1058 2141 sanguineo
1073 2086 1240 2143 repercussu.
1257 2094 1268 2116 ι
1285 2070 1362 2121 Seu.

299 2151 378 2204 Colb.
399 2152 428 2214 3,
444 2154 536 2219 goaim.
549 2150 622 2204 Editi
637 2152 699 2205 libri
715 2153 811 2223 vulgo,
898 2150 925 2202 3.
941 2150 1036 2203 Eadem
1050 2162 1228 2221 extramurana.
1242 2146 1363 2210 Isidorus,

297 2234 425 2299 genisaco.
440 2227 531 2282 Haao.
759 2276 768 2286 .
857 2230 909 2283 loa.
924 2230 972 2283 cit.
988 2231 1080 2282 Hsnn.

302 2351 309 2361 .
339 2309 397 2361 Lx,
417 2327 443 2361 a.
462 2309 648 2381 Heliotropiam.
673 2311 697 2362 E
715 2328 814 2382 genera
900 2316 926 2374 4.
938 2310 1142 2377 Magonamsstc.
1156 2308 1277 2372 Solinus,
1289 2304 1365 2360 isido-

299 2400 340 2441 est
350 2388 420 2440 illius
429 2405 549 2459 gemma,
561 2408 642 2460 quam
650 2392 734 2443 nostri
742 2408 815 2443 nunc
858 2407 921 2454 rus,
943 2389 1085 2453 Albertus,
1111 2386 1290 2451 Marbodeus,
1308 2386 1365 2439 locis

300 2480 412 2532 vocant,
430 2470 508 2538 prims
522 2468 684 2525 d'lnr'eraude.
705 2470 815 2524 Solinus
860 2468 955 2524 citatis.
972 2468 1064 2522 Haan.

300 2548 358 2601 hoc
376 2547 489 2601 totidem
510 2549 612 2614 verbis,
635 2569 696 2620 cap.
721 2569 815 2615 xxvia,
901 2548 928 2602 5.
947 2549 1115 2619 Hepboestits's.
1138 2545 1265 2600 Totidem
1287 2544 1366 2598 verbis

300 2646 328 2697 p.
351 2627 405 2690 523
421 2627 553 2692 Isidorus,
573 2629 648 2700 Orip.
666 2631 715 2683 lib.
731 2630 814 2694 XVI,
861 2626 993 2693 Isidorus,
1008 2627 1084 2696 Orig.
1098 2627 1146 2679 lib.
1161 2627 1243 2691 xv1,
1256 2645 1312 2697 cap.
1328 2631 1366 2688 14,

300 2725 361 2777 cap.
372 2725 399 2777 7.
408 2705 584 2773 blarbodeua,
594 2707 627 2761 de
635 2709 815 2780 Heliotropio,
859 2699 1008 2778 lipare-irie,
1026 2707 1101 2778 quasi
1116 2724 1225 2776 gemma
1240 2704 1366 2758 Vulcania.

300 2805 360 2857 cap.
372 2805 477 2838 xxxiv:
504 2813 515 2834 ·
535 2787 815 2842 HancnuncAEthio·
902 2791 928 2840 6.
944 2784 1367 2854 Anesiinsole.·Autsisoliop

300 2885 363 2938 pes,
374 2883 448 2918 nunc
457 2867 565 2938 Cyprus
576 2881 603 2920 et
615 2866 705 2921 Africa
714 2869 813 2921 mittit=
860 2867 945 2938 posita
950 2903 958 2927 ,
973 2867 984 2913 i
1001 2863 1128 2919 Isidorus.
1138 2863 1228 2917 Hsan.

301 2946 441 3016 Sanguinis
448 2965 578 3016 aspersam
584 2947 675 3017 guttis,
688 2947 817 2999 similem·
903 2965 930 3014 7.
942 2947 1092 3000 Nascitsrin
1104 2943 1210 3014 Coryco.
1221 2943 1310 3008 Quum
1318 2941 1367 2994 baa

297 3045 356 3098 que
369 3024 517 3095 smaragdo.
529 3051 541 3073 ι
553 3025 696 3078 H.-stiis
708 3025 818 3097 iaspidis
862 3025 959 3096 raptim
974 3024 1128 3093 cursimque
1140 3021 1302 3076 Marbodeua
1311 3021 1368 3090 lege·

302 3123 404 3178 genus,
432 3104 491 3156 aliis
521 3105 621 3158 achatae
628 3143 636 3168 ,
667 3105 819 3177 sanguineis
862 3116 917 3168 aet,
933 3102 1028 3157 vidisse
1042 3121 1069 3174 se
1084 3105 1109 3154 in
1122 3101 1241 3156 Corintho
1252 3099 1367 3162 credidit,

303 3184 408 3257 punctis
421 3183 560 3237 distinctu.
572 3185 625 3236 Eo.
862 3185 954 3254 itaque
967 3183 1077 3247 cecinit,
1092 3200 1150 3253 cap.
1164 3201 1250 3235 xxxv:
1264 3207 1276 3230 ι
1290 3177 1368 3232 Nasci·

346 3285 372 3317 a.
399 3262 481 3316 Causa
503 3267 612 3315 nominis.
640 3261 816 3326 blarbodeus,
862 3275 907 3316 tur
922 3264 950 3314 in
965 3263 1077 3324 bimari,
1092 3258 1368 3332 pretiosiorum&-

303 3345 358 3398 loc.
370 3342 417 3395 cit.
434 3370 445 3391 ι
456 3343 494 3394 Ex
510 3361 540 3396 re
554 3361 652 3396 nomeu
667 3345 768 3396 babens
781 3355 819 3397 est
864 3343 954 3395 rintho
975 3342 1069 3394 Dictus
1082 3341 1253 3412 hephaestites
1271 3339 1369 3392 rutilans

260 3451 264 3458 ·
304 3421 461 3493 heliotropia
482 3423 682 3492 gemma,Quae
700 3423 764 3476 solis
778 3439 820 3475 ra·
866 3421 950 3493 lapis,
970 3434 996 3474 ct
1012 3418 1269 3485 rubicundus:Qui
1287 3419 1307 3472 ai
1324 3419 1368 3470 les·

303 3503 356 3556 diis
374 3502 402 3553 in
419 3519 487 3571 aqua
502 3503 618 3572 subjecta
631 3503 740 3566 batillo,
755 3501 820 3554 Sau-
865 3501 937 3552 venti
953 3501 1035 3553 luerit
1048 3502 1184 3570 conjectus
1196 3495 1367 3568 abeno,lgni·

303 3581 433 3654 guineum
448 3578 537 3634 reddit
547 3593 651 3634 mutato
665 3581 770 3634 lumine
780 3599 822 3633 so-
866 3579 919 3632 bus
933 3579 1065 3633 exsultans
1083 3580 1175 3650 priua,
1188 3578 1263 3632 illico
1279 3577 1368 3630 sistitur

304 3663 371 3723 lem,
400 3659 584 3732 Eclipsimque
613 3679 712 3714 noram
745 3659 822 3713 terris
866 3657 953 3722 unda,
971 3657 1077 3730 Frigida
1088 3670 1150 3728 post
1161 3657 1299 3712 modicum
1312 3655 1368 3725 lapi·

305 3737 559 3809 effunderecogit.·
576 3739 663 3792 Habet
681 3741 739 3793 baec
751 3739 824 3810 pari·
867 3737 909 3791 dia
932 3739 1029 3792 virtute
1054 3738 1153 3793 tutum.
1174 3763 1185 3784 ι
1214 3737 1327 3791 Isidorus
1347 3737 1368 3784 is

306 3832 348 3872 ter
362 3819 484 3881 Solinus,
498 3831 524 3871 et
540 3817 673 3880 Isidorus,
687 3819 752 3872 locis
761 3819 824 3872 cita·
869 3819 963 3890 Coryco
977 3818 1050 3889 legit.
1070 3817 1162 3870 Haau.

305 3898 349 3952 tis.
359 3898 487 3951 Albertus
497 3896 561 3950 item
570 3897 745 3969 deldinerp.
760 3899 823 3951 230.
908 3899 935 3950 8.
964 3897 1135 3950 llorminodes.
1162 3899 1186 3950 Α
1211 3893 1369 3950 similitudine

308 3979 342 4028 ll.
355 4009 396 4019 -
410 3977 540 4046 Fugam·
563 3979 621 4031 solia
641 3969 821 4042 ascendebam,
868 3978 996 4030 nimirum
1023 3995 1085 4029 cum
1111 3976 1261 4029 hormino:
1287 3975 1367 4046 ippum

307 4067 360 4109 etc.
374 4055 440 4133 leg.
464 4083 476 4106 ι
492 4057 717 4131 Fulgosemsolia
730 4075 824 4112 accen·
869 4057 957 4111 Grati
968 4069 1062 4112 vocam
1071 4055 1162 4110 herba
1172 4073 1271 4128 genus,
1280 4053 1367 4123 dequo
