2950 5000
326 470 393 553 ¹4⁰
588 474 627 541 C.
654 474 822 544 PLlNlI
846 472 957 543 NAT.
984 472 1112 540 HlST.

289 613 304 671 t
322 601 478 671 ditiarum
493 619 645 698 respectu
653 591 675 675 ⁸.
696 606 777 699 Ejus
794 608 857 675 tria
874 630 1018 701 genera:
1037 602 1233 688 candidum,
1248 616 1379 696 argento

323 709 431 777 nitore
450 734 549 803 quarn
569 713 719 805 proxime
740 712 918 799 accedens,
933 714 967 779 in
983 736 1050 805 quo
1068 709 1123 779 illa
1141 702 1281 779 mistura
1294 732 1378 802 prse-

322 813 445 884 valuit':
459 815 598 886 alterum
613 819 647 887 in
665 842 734 911 quo
749 820 819 887 auri
838 817 929 887 fulva
945 831 1064 886 natura
1081 841 1089 884 :
1112 818 1245 885 tertium
1264 816 1299 883 in
1316 838 1378 907 quc

322 919 455 1013 aequalis
480 925 628 992 omniurn
658 927 833 1019 temperies
858 924 928 993 fuit.
956 926 1078 993 Praeter
1107 922 1178 993 haec
1201 935 1268 1007 est,
1290 920 1381 1012 cujus

322 1028 407 1095 ratio
434 1052 502 1097 non
530 1042 639 1122 potest
660 1030 770 1115 reddi,
794 1053 981 1125 quanquam
1008 1030 1153 1100 hominis
1176 1024 1380 1096 manufacta

243 1130 248 1136 ’
322 1130 450 1202 dederit
480 1134 613 1203 fortuna
649 1149 960 1232 temperamentum·
987 1133 1163 1203 simulacro
1203 1133 1381 1227 signisque,

321 1236 401 1306 illud
412 1264 473 1308 suo
485 1239 597 1310 colore
611 1243 791 1335 pretiosum
807 1242 848 1311 ad
858 1243 1016 1336 jocineris
1032 1242 1209 1335 imaginem
1231 1262 1379 1331 vergens,

321 1343 411 1436 quod
426 1345 503 1419 ideo
513 1346 708 1441 hepatizon⁹
719 1346 902 1443 appellant,
919 1345 1034 1442 procul
1045 1346 1271 1433 aCorinthior
1286 1342 1380 1436 longe

321 1462 433 1518 tamen
451 1467 529 1521 ante
547 1455 766 1547 AEgincticum
785 1469 885 1548 atque
908 1453 1099 1539 Deliacum,
1122 1477 1196 1546 quae
1222 1452 1278 1520 diu
1301 1449 1380 1516 obti-

320 1578 422 1624 nuere
436 1559 667 1653 principatum.

288 1689 301 1723 1
373 1664 434 1731 lv.
450 1666 682 1758 Antiquissima
701 1666 774 1735 aeris
789 1664 891 1773 gloria
911 1664 1048 1733 Deliaco
1066 1660 1157 1749 fuit¹,
1171 1678 1337 1734 mercatus
1349 1662 1380 1727 in

319 1766 406 1838 Delo
423 1769 676 1840 concelebrante
692 1786 764 1841 toto
779 1772 875 1854 orbe,
890 1785 923 1839 et
942 1769 1016 1839 ideo
1037 1792 1117 1839 cura
1138 1768 1299 1853 officinis,
1322 1770 1380 1837 tri·

173 1942 177 1948 ,
271 1911 276 1922 =
318 1871 492 1943 cliniorum
520 1876 658 1969 pedibus
687 1876 876 1973 fulcrisque.
905 1877 957 1945 lbi
984 1876 1092 1971 prima
1123 1874 1276 1943 nobilitas
1301 1878 1378 1945 aeris.

318 1980 474 2050 Pervenit
494 1981 613 2051 deinde
639 1982 680 2051 ad
703 1982 802 2053 deum
826 1981 1017 2068 simulacra,
1045 1980 1256 2075 effigiemque
1276 1982 1375 2051 bomi-

317 2109 411 2173 num,
439 2102 473 2155 et
490 2086 629 2157 aliorum
651 2089 853 2159 animalium.

284 2218 296 2251 ¹
370 2194 412 2259 V.
438 2194 591 2263 Proxima
614 2193 685 2263 laus
710 2196 895 2291 AEginctico
921 2194 992 2263 fuit.
1014 2190 1125 2262 lnsula
1147 2206 1181 2261 et
1205 2194 1298 2287 ipsa,
1324 2218 1379 2261 nec

195 2294 198 2299 ’
316 2320 361 2365 aes
376 2299 531 2391 gignens,
557 2299 614 2369 sed
636 2300 846 2371 officinarum
869 2314 1092 2394 temperatura
1113 2297 1301 2367 nobilitata.
1321 2302 1379 2367 Bos

315 2400 420 2474 aeleus
440 2404 517 2475 inde
538 2421 654 2500 captus
676 2408 710 2476 in
738 2407 813 2477 foro
842 2402 972 2475 boario¹
1003 2420 1053 2474 est
1077 2406 1202 2473 Rornae.
1227 2408 1303 2475 Hoc
1324 2407 1380 2473 erit
1405 2432 1409 2441 ·

316 2509 485 2604 exemplar
502 2515 676 2608 AEginetici
690 2517 764 2583 reris
781 2512 929 2583 :Deliaci
950 2526 1060 2580 autem
1079 2513 1210 2604 Jupiter
1233 2513 1268 2583 in
1285 2513 1378 2606 Capi·

298 2615 396 2684 tolio
410 2618 444 2686 in
457 2620 548 2688 Jovis
563 2621 723 2688 Tonantis
736 2619 815 2696 aede.
831 2618 894 2689 lllo
913 2643 976 2686 aere
995 2619 1117 2712 Myron
1137 2641 1215 2686 usus
1232 2631 1301 2706 est,
1318 2618 1378 2686 boc

316 2719 521 2816 Polycletus,
542 2724 684 2820 aequales
699 2740 799 2820 atquc
812 2721 1038 2818 condiscipuli.
1051 2720 1229 2792 AEmulatio
1245 2725 1285 2794 iis
1302 2738 1335 2792 et
1348 2725 1379 2791 in

314 2832 454 2899 materia
470 2829 558 2900 fuit².

282 2955 293 2986 ¹
369 2937 428 3005 Vl.
447 2925 529 3028 (111.)
548 2937 705 3005 Privatim
730 2938 849 3031 AEgina
871 2931 1154 3020 candelabrorum
1170 2935 1376 3030 superficiem

313 3038 487 3112 dumtaxat
500 3041 698 3122 elaboravit,
720 3044 806 3112 sicut
823 3045 1004 3112 Tarentum
1016 3039 1162 3137 scapos¹.
1178 3045 1218 3110 ln
1234 3042 1380 3138 biserga

354 3225 381 3278 8.
396 3223 571 3277 Munditiasam
581 3208 825 3294 mpsarufflr'otsx
869 3224 923 3278 seio
944 3224 1086 3288 Amerino,
1106 3241 1181 3276 nuru.
1203 3223 1267 3277 153.
1290 3225 1376 3278 lisso.

313 3302 825 3376 Mss.1tegg.etedicpriacipe‚mua-
909 3303 944 3355 V.
970 3323 994 3356 r.
1015 3303 1047 3356 In
1062 3303 1124 3371 fora
1145 3303 1237 3356 hamio.
1262 3305 1378 3376 Reginus

312 3381 527 3451 ds'ts'ar.despecta.
541 3383 595 3438 Eu.
868 3383 951 3436 Urbis
971 3395 1079 3446 octava,
1103 3402 1134 3436 es
1152 3383 1184 3436 P.
1201 3383 1325 3444 Victore.
1351 3383 1375 3434 in

353 3481 380 3531 9.
396 3463 472 3530 Quod
485 3463 539 3514 ideo
552 3464 680 3532 hepatizon
690 3463 823 3534 appellant.
868 3461 1048 3533 descriptione
1057 3463 1132 3516 urbis
1147 3463 1247 3515 Romae.
1260 3463 1351 3517 Hanc.

312 3531 457 3604 Ῐίπατίζον,
472 3541 599 3612 iocineris
613 3541 736 3596 colorem
755 3543 824 3596 rele-
911 3561 937 3596 s.
958 3541 1098 3594 AEnsslats'a
1109 3555 1188 3594 astam
1200 3553 1225 3594 st
1238 3545 1263 3592 s'a
1279 3547 1375 3595 mauris

312 3639 382 3672 reus.
395 3619 486 3673 Hans).
862 3622 924 3688 suit.
951 3613 1007 3688 (Sic
1029 3621 1150 3674 Gronov.
1175 3634 1204 3674 et
1226 3621 1292 3674 libri
1317 3632 1376 3674 suta

351 3699 446 3752 1V.1.
471 3701 647 3772 Antiquissima
668 3705 724 3752 ars's
742 3701 824 3770 gloria
867 3699 950 3754 Hand.
963 3689 1084 3770 vulgati.)
1104 3701 1198 3759 Scribo
1213 3719 1220 3751 s
1238 3701 1374 3754 affiman-

313 3779 477 3845 Dels‘asosas't.
490 3779 822 3834 Maximamt‘l'artcssiaco
867 3781 904 3833 tio
923 3779 955 3833 iis
974 3793 1002 3832 et
1024 3779 1053 3832 in
1073 3779 1183 3836 materia
1202 3779 1285 3834 tuit·
1299 3779 1374 3848 Poly·

311 3877 344 3911 as
366 3857 494 3928 Hispanis
512 3859 586 3930 spad
608 3859 765 3912 Pausaniam
793 3859 821 3914 in
865 3860 975 3913 olctoet
989 3859 1106 3938 Myroni.
1119 3861 1155 3912 Τὸ
1173 3871 1252 3911 astes·
1268 3857 1372 3912 deleret

312 3938 417 3991 [iliacis.
430 3939 530 3992 nasse,
538 3970 578 3980 -
588 3939 699 3992 Deliaca.
715 3939 822 3994 Deliaca
866 3939 1011 3992 Pintisnus.
1024 3939 1116 3992 Gaas.

312 4035 370 4070 vass
388 4029 414 4070 et
427 4017 565 4072 Corinthia
580 4015 673 4072 laudat
683 4019 712 4070 in
728 4019 822 4089 primis
906 4019 955 4070 VI.
981 4037 1003 4070 s.
1024 4017 1124 4085 Scapm·
1147 4015 1370 4070 Candelabrcmm

204 4144 206 4147 ,
312 4096 422 4160 Cicero,
435 4096 463 4150 in
477 4098 597 4150 oratione
610 4117 660 4169 pro
678 4098 750 4152 sen.
768 4101 821 4152 llo·
865 4111 988 4162 truncos,
1008 4116 1039 4152 ac
1058 4097 1173 4152 ramulos
1195 4096 1330 4152 :tmolus
1344 4095 1372 4151 ds
