2950 5000
270 475 288 518 u
552 451 589 517 C.
619 451 785 519 Pnttttl
813 452 917 520 NA'l'.
944 453 1070 520 ttls'r.

266 586 318 652 sui
339 597 432 679 purte
448 569 592 669 tributu,
611 597 647 650 ut
663 585 798 652 minime
818 607 934 678 parca,
948 583 1116 680 facilisque
1132 587 1165 654 in
1183 591 1339 659 omnibus

268 714 482 784 quaecumque
505 703 654 784 prosunt.
682 687 744 758 Illa
764 715 826 759 nos
851 675 1038 786 premunt⁶,
1058 689 1112 760 illa
1134 718 1195 762 nos
1215 693 1256 763 ad
1283 699 1337 765 iu-

270 799 357 867 leros
374 810 494 891 agunt,
508 821 582 890 quae
595 795 794 865 occultavit⁷
811 809 909 891 utque
923 796 1097 884 demersit,
1112 798 1168 867 illa
1180 823 1253 894 quae
1268 825 1337 871 non

270 923 452 972 nascuntur
470 888 631 996 repente⁸.
653 901 771 972 Mens⁹
790 901 832 971 nd
854 905 951 971 inane
968 902 1103 973 evolans
1121 920 1252 1001 reputet
1263 932 1337 1001 quae

265 1008 384 1078 deinde
404 1008 517 1079 futuru
535 1011 576 1080 sit
595 1007 670 1078 finis
688 1007 815 1078 saecnlis
835 1009 991 1078 omnibus
1011 1011 1227 1080 exlinuriendi
1243 1037 1334 1082 eam:

265 1141 437 1210 quousque
464 1128 677 1209 penetratura
704 1116 852 1184 avaritia.
883 1109 995 1204 Quum
1022 1117 1199 1201 innocens,
1234 1143 1334 1213 quum
1371 1169 1381 1188 .

265 1223 376 1308 beuta,
395 1223 497 1290 immo
522 1246 600 1290 uero
621 1236 654 1288 et
672 1219 813 1290 delicntn
834 1236 920 1290 esset
933 1223 1018 1305 vita,
1039 1223 1065 1291 si
1082 1222 1164 1292 nihil
1183 1223 1332 1310 aliunde,

263 1353 363 1422 quum
378 1351 478 1421 supra
492 1342 607 1411 terras,
623 1329 889 1422 concupisceret3
903 1328 1114 1421 breviterque
1123 1329 1158 1410 ¹⁰,
1170 1332 1232 1399 nisi
1243 1333 1334 1426 qnod

261 1458 373 1505 secum
389 1430 456 1502 esti

303 1637 329 1696 Ι5.
356 1641 500 1712 Quanquam
516 1652 541 1692 et
556 1640 610 1692 dua
626 1657 716 1692 summa
736 1643 775 1692 sui
818 1651 912 1692 nutura
934 1639 1036 1711 gignit,
1055 1655 1086 1694 ut
1107 1641 1151 1694 ills
1173 1661 1257 1711 agre,
1275 1665 1332 1698 non

258 1722 439 1792 pertendunt,
453 1733 480 1772 ut
491 1723 677 1788 minimeparca.
688 1719 775 1772 Locus
819 1732 914 1790 sponte
925 1738 1020 1790 perere
1034 1719 1164 1774 videntur.
1180 1720 1271 1778 lituu.
1292 1759 1332 1768 -

262 1801 444 1856 inssnslriliter
471 1812 625 1870 corruptus,
653 1800 772 1871 egregie,
819 1799 869 1850 ttta
882 1803 1330 1872 quoenonnascurrturrepente.dless

260 1895 384 1955 utputo,
398 1894 505 1934 curatus
516 1892 570 1944 est,
583 1879 774 1950 restitntnsqne
819 1879 855 1930 ad
867 1882 938 1930 inane
950 1881 1047 1931 eseiam
1062 1893 1155 1951 reputet
1170 1901 1225 1953 qua
1242 1883 1330 1938 deinde

261 1965 288 2016 in
298 1963 439 2035 pristinum
450 1973 547 2014 statum
559 1977 566 2011 :
580 1959 608 2012 in
620 1957 715 2012 eodem
722 1977 775 2011 no·
811 1959 902 2024 sutura
925 1961 957 2011 sit
969 1959 1059 2028 sinis...
1077 1962 1235 2014 culmuriends'
1252 1984 1328 2018 east:

260 2058 314 2096 stro
330 2041 492 2112 exemplari,
510 2057 565 2092 non
585 2042 679 2090 minime
695 2057 774 2107 parca
817 2057 937 2110 quousque
945 2052 1101 2108 penetratura
1112 2046 1224 2096 auaritia.
1239 2043 1282 2096 sic
1292 2046 1331 2097 lu·

259 2123 371 2194 legitur,
381 2119 425 2174 sed
432 2121 509 2189 sugrs
517 2121 540 2170 si
553 2119 648 2171 arcia:
668 2116 771 2180 scribo,
817 2137 878 2170 cum
888 2118 961 2171 hunc
973 2119 1128 2173 refluximus
1137 2119 1218 2174 ductu
1228 2122 1331 2177 codicis

261 2200 485 2272 ulrngisitsrclts.
498 2223 509 2245 ·
522 2198 604 2250 Ptstr.
619 2229 659 2240 —
680 2197 714 2249 Ut
729 2202 774 2249 mi·
817 2197 919 2268 Ruga,
933 2210 960 2250 et
971 2200 1030 2268 ejus
1039 2217 1119 2268 quem
1134 2201 1273 2254 Pintisuus
1282 2203 1330 2255 bs·

259 2285 412 2352 nisrsparau.
425 2279 466 2332 Ex
478 2277 698 2349 vestigiisvetesis
707 2277 772 2330 scri-
817 2277 891 2341 buit,
905 2276 1016 2332 totidem
1030 2280 1109 2348 plsne
1121 2280 1229 2350 syllsbis
1242 2283 1329 2354 spici·

257 2375 358 2433 pturss,
371 2358 525 2414 Gronovius
539 2356 701 2428 conjiciebat
717 2357 771 2427 legi
817 2356 920 2428 busque
935 2358 1082 2411 littersrum
1096 2360 1197 2430 integro
1214 2361 1269 2414 lide
1284 2383 1327 2416 re·

256 2439 425 2494 commodius
445 2457 539 2511 posse,
559 2447 611 2489 ·ut
629 2453 773 2507 suggerens
816 2438 1008 2508 prusentstis:
1043 2439 1260 2511 interpunctione
1291 2442 1328 2499 its
1438 2490 1441 2494 Δ

257 2522 349 2593 large:
367 2547 378 2569 ι
397 2518 489 2574 eudem
506 2516 644 2571 sententis.
659 2517 750 2570 llssn.
815 2530 934 2582 serente,
949 2532 978 2572 ut
992 2537 1038 2570 sus
1053 2519 1167 2573 orationi
1181 2524 1327 2591 sententis,

297 2606 323 2655 6.
346 2601 396 2653 llla
417 2618 460 2652 nas
480 2609 608 2669 premunt,
634 2608 685 2651 etc.
707 2597 769 2649 Psri
816 2616 921 2668 neque,
935 2612 964 2651 nt
977 2599 1065 2668 prius,
1079 2598 1208 2670 impedita
1224 2618 1328 2657 consts-

256 2681 384 2753 elegantia
397 2680 426 2732 in
441 2676 535 2731 eodem
551 2689 709 2746 argumento
723 2678 771 2731 Se·
815 2690 865 2729 ret.
883 2677 928 2731 Sic
944 2679 1015 2730 eninr
1036 2679 1095 2750 typi
1115 2680 1268 2753 interpolati
1279 2684 1327 2737 bs·

255 2772 456 2823 necstersutns,
470 2758 547 2829 epist.
562 2772 633 2819 sctv,
650 2774 677 2824 p.
692 2762 748 2824 4¹9
761 2774 785 2816 ε,
813 2756 893 2808 bent:
909 2757 975 2809 «Illa
988 2776 1048 2828 quus
1060 2778 1114 2810 uon
1124 2775 1285 2815 nuscuntur:
1297 2779 1326 2817 ut

259 2868 270 2889 ι
286 2843 387 2894 Aurum
401 2836 509 2910 quidem
523 2849 551 2890 et
563 2847 718 2906 nrqssttum,
731 2836 771 2887 in·
813 2848 925 2907 repente
936 2855 1038 2890 mens...
1053 2856 1193 2910 quousque
1206 2854 1326 2911 penetret

254 2920 328 2993 quit,
342 2932 367 2973 et
380 2930 491 2991 propter
501 2918 548 2971 ista
559 2933 706 2985 numqusm
721 2932 770 2986 pa·
813 2916 929 2969 avaritie.
946 2945 958 2963 ..
970 2912 1061 2969 llsnn.

254 3020 311 3053 cem
324 3016 404 3072 sgeus
419 2999 537 3061 ferrum,
549 2994 623 3066 qussi
637 2994 705 3045 mals
720 3012 768 3047 no·
854 3014 880 3063 9.
898 2996 977 3047 Mens.
991 2994 1104 3049 Mensin
1116 2998 1208 3050 celum
1220 3018 1249 3051 se
1259 3020 1325 3071 pau·

254 3081 296 3133 bis
304 3079 545 3140 committerentur,
555 3068 703 3127 abscondit.
714 3073 770 3126 Nos
811 3072 894 3146 lisper
904 3074 1016 3127 efferens
1026 3093 1114 3127 secum
1129 3091 1248 3149 reputet,
1265 3082 1325 3150 quis

254 3162 281 3212 in
306 3160 411 3218 lucem.
428 3168 539 3229 propter
557 3171 617 3225 quss
635 3171 767 3225 pugnare·
811 3153 844 3205 sit
866 3152 927 3205 linis
948 3155 1055 3207 tuturus
1076 3173 1201 3227 uinqusm
1225 3159 1324 3211 exhau-

254 3259 329 3304 suus,
343 3238 518 3292 extulimus...
528 3252 577 3287 nec
588 3234 768 3285 erubescimus
811 3230 897 3285 riendi
913 3233 1034 3286 tellurem
1048 3256 1054 3285 :
1075 3247 1101 3287 et
1120 3255 1261 3308 quousque
1275 3257 1323 3309 pe·

253 3338 356 3373 summu
368 3315 438 3388 spud
453 3334 500 3368 nos
511 3314 697 3383 habere,quoe
708 3311 767 3365 fue·
810 3324 945 3365 uetrnturs
970 3314 1004 3366 sit
1027 3315 1146 3369 ssnritis.
1174 3316 1264 3371 Hssn.
1282 3350 1322 3361 -

252 3413 312 3453 mm
327 3398 380 3450 ima
398 3409 538 3449 terrarum.
551 3418 562 3440 ι
580 3390 672 3443 Hssn.
811 3390 881 3443 Mens
902 3392 938 3443 ad
959 3397 1038 3447 inane.
1063 3394 1147 3447 Insne
1168 3414 1220 3464 pro
1241 3398 1320 3464 culo,

291 3478 391 3549 7.Quss
403 3474 538 3528 occultavit.
553 3470 654 3525 llorstii
665 3471 760 3524 scitum
810 3472 1041 3535 serstlamilisre
1056 3476 1202 3545 presertim
1220 3478 1323 3547 poetis,

250 3558 318 3613 illud
335 3556 387 3609 hnc
403 3555 539 3627 pertinet:
556 3577 567 3599 ι
580 3550 685 3604 Aurum
699 3551 766 3603 irre·
809 3569 841 3606 sc
858 3550 956 3605 Plinio.
980 3580 991 3600 ·
1006 3552 1057 3606 Per
1076 3552 1178 3613 inania,
1194 3574 1321 3626 nisquutn

250 3651 372 3710 pertum,
385 3634 460 3687 etsie
475 3632 570 3685 melius
581 3630 658 3682 situm
669 3630 763 3695 Quum
811 3630 905 3696 iusue,
920 3658 931 3679 ·
946 3632 1039 3686 Maro:
1055 3632 1213 3699 Lucretius,
1232 3661 1243 3683 ·
1258 3656 1321 3709 pro-

250 3733 319 3772 terrs
337 3717 418 3778 celst,
435 3725 487 3767 etc·
503 3738 514 3761 ι
530 3708 582 3763 Od.
598 3709 645 3763 lib.
658 3710 716 3773 111,
729 3709 764 3773 3,
809 3709 923 3764 tundunt
939 3710 1032 3778 insne,
1045 3738 1057 3759 ι
1071 3730 1140 3783 supe
1152 3710 1252 3767 dixere.
1264 3716 1298 3769 H.

249 3818 316 3853 vers.
333 3792 379 3863 qq.
396 3794 487 3846 Hssn.
848 3808 891 3843 to.
911 3790 1078 3865 Breviterqus,
1094 3795 1142 3844 nisi
1159 3796 1226 3865 quad
1240 3814 1318 3848 mcum

288 3882 315 3935 3,
336 3874 371 3927 1]ι
387 3885 480 3943 repente
495 3890 559 3922 mens
575 3870 610 3922 ad
621 3873 692 3921 ittarta
706 3889 761 3921 era·
804 3870 921 3939 estlleg.
936 3880 988 3922 set
999 3870 1076 3923 Colb.
1091 3873 1123 3935 3,
1137 3872 1319 3947 ·bsbsretque

247 3962 309 4013 taus,
325 3952 472 4025 Superlluit
490 3950 578 4022 prims
594 3968 647 4003 vox
662 3968 693 4001 ex
707 3961 760 4001 vet.
804 3967 858 4001 non
875 3948 926 4001 nisi
948 3948 1020 4020 quod
1038 3969 1128 4004 neum
1143 3963 1196 4016 est,
1212 3980 1223 3999 ·
1248 3954 1318 4009 forts

246 4036 310 4093 cod.
332 4032 411 4087 Pisa.
433 4062 473 4073 --
494 4030 544 4082 llla
568 4048 622 4102 quoe
646 4046 693 4081 nan
716 4049 762 4080 ua·
805 4028 961 4099 elegantius.
978 4029 1315 4104 u.-s10quoqueuro-

191 4173 193 4176 ,
246 4131 345 4177 ssuutrn·
375 4130 477 4191 superne.
519 4110 585 4176 Qua
614 4122 666 4163 tsm
691 4106 762 4161 lente
807 4109 889 4160 terius
900 4106 1069 4162 scribendum
1084 4112 1200 4165 censuit:
1213 4112 1263 4167 Eu.
