2950 5000
415 434 573 503 LIBER
599 434 786 506 xxxvl.
1058 432 1128 507 561

88 589 168 652 num,
177 565 217 635 ad
232 564 460 636 maaria
474 588 568 650 vasa,
577 576 613 632 et
627 578 735 635 totum
751 562 875 633 rubens
884 565 1009 634 vitrum
1018 580 1135 663 ,atque

87 696 145 741 non
157 671 374 756 translucens,
389 666 616 739 haematinou¹²
634 669 847 766 appellatum.
866 655 943 739 Fit¹³
957 684 991 740 et
1003 671 1134 763 album,

86 791 114 846 ct
124 778 341 861 nunbinum,
358 789 417 845 aut
433 774 629 869 hyacinthos
647 776 886 871 sapphirosque
902 776 1083 866 imitatum,
1101 793 1135 849 et

85 883 308 979 omnibusaliis
325 880 501 951 coloribus.
518 884 590 952 Nec
602 896 654 950 est
668 882 732 951 ulia
748 905 839 951 nrrnc
858 884 994 951 materia
1013 908 1133 978 sequa·
1153 912 1169 965 3

86 976 183 1074 cior¹⁴,
197 990 366 1059 autetiam
380 990 518 1082 picturae
534 987 826 1057 accommodatior.
844 988 1009 1059 Maximus
1024 1004 1137 1061 tamen

85 1093 177 1165 bonos
186 1097 220 1163 in
238 1092 381 1165 candido
394 1091 692 1175 translucentibus,
705 1116 805 1188 quam
820 1094 972 1187 proxima
989 1095 1136 1190 crystalli

86 1200 294 1270 anilitudine.
318 1202 410 1269 Usus
433 1212 520 1268 vero'
532 1198 577 1268 ad
597 1199 784 1293 potandum
802 1202 930 1293 argenti
950 1201 1083 1271 metalla
1103 1218 1138 1274 ct

85 1306 145 1373 auri
160 1304 294 1401 pepulit.
323 1308 385 1374 Est
401 1290 547 1399 autem¹⁵
564 1303 683 1375 caloris
701 1286 891 1399 impatiens,
916 1308 950 1374 ni
961 1308 1138 1437 ⁶precedat
1228 1394 1231 1401 Ι

85 1409 207 1506 frigidus
216 1409 786 1506 liquor:quumaddinaquavitreae
793 1408 867 1505 pilae
876 1409 959 1481 sole¹
982 1412 1136 1498 adverso,

84 1516 255 1588 intantum
282 1516 546 1603 excandescant,
571 1531 611 1586 ut
631 1531 740 1587 vestes
763 1530 914 1585 exurant.
938 1520 1139 1613 Fragmenta

85 1635 219 1717 teporata
247 1620 497 1718 agglutinantur
525 1636 688 1698 tantum:
716 1646 830 1691 rursus
855 1636 925 1691 tota
950 1622 1045 1694 fundi
1068 1650 1138 1696 non

83 1744 211 1821 queunt,
228 1742 452 1823 preterquam
469 1728 612 1821 abrupta
629 1728 771 1798 sibimet.
789 1728 902 1822 Tingit
917 1752 970 1798 ars
979 1728 1014 1817 ¹⁷,
1036 1729 1154 1801 veluti.

83 1858 172 1927 quurn
183 1819 334 1903 calculi¹⁸
352 1832 448 1917 fiunt,
457 1858 542 1927 quos
557 1833 693 1927 quidam
711 1831 869 1903 abaculos
886 1833 1064 1929 appellant,
1080 1837 1138 1906 ali-

84 2014 176 2063 onuea,
194 2012 220 2052 et
235 1994 317 2050 MSS.
338 1994 517 2066 nequicquam
530 1993 582 2047 im·
627 1995 720 2047 Vitrea
730 1996 799 2065 pilu.
815 1996 983 2063 Lactantius,
994 1999 1042 2052 lib.
1054 2000 1089 2055 de
1099 2000 1139 2056 ira
1156 1988 1160 1997 ¹

85 2090 189 2131 umente
200 2074 341 2140 salmasio,
352 2075 380 2127 in
390 2074 475 2126 Solin.
487 2093 516 2144 p.
525 2090 580 2143 91:
626 2076 693 2140 Dei,
705 2092 764 2145 cap.
778 2092 828 2141 ro,
841 2094 903 2147 pag.
922 2076 976 2133 508
990 2098 996 2129 ι
1013 2100 1024 2123 ⁸
1038 2080 1139 2135 Orbem

85 2156 301 2211 «bitettiuctura
313 2172 452 2225 exgenere
459 2152 584 2206 Obsidio·
625 2154 740 2207 vitreum
758 2154 868 2225 plenum
886 2174 960 2227 aque
979 2156 1001 2209 si
1021 2160 1140 2215 tenueris

85 2234 122 2301 ui,
132 2248 179 2289 ete.
191 2262 204 2285 ι
221 2236 316 2289 Haan.
625 2232 653 2285 in
666 2234 736 2297 sole,
751 2232 785 2287 tle
799 2234 916 2297 lumine,
934 2235 1008 2307 quod
1024 2238 1058 2291 ab
1071 2257 1139 2311 aqua

117 2332 156 2369 re.
169 2316 338 2368 namnum.
357 2313 508 2384 Αἶμάτινον,
523 2326 582 2363 aen·
625 2312 755 2383 refulget,
766 2312 834 2382 iguis
842 2312 1006 2382 accenditur,
1018 2318 1098 2370 etiarn
1110 2319 1139 2371 iu

82 2393 305 2463 guinemarum·
625 2388 1141 2463 durissimol'rigore.»l’lin.l.XXXVII,

119 2472 219 2528 11111
236 2486 264 2526 et
280 2472 375 2537 albam
388 2481 416 2522 et
428 2470 583 2524 martinum.
625 2488 684 2544 cap.
698 2490 732 2525 ro
750 2489 757 2524 ε
774 2496 785 2519 ι
803 2472 915 2525 lnveuio
932 2472 1063 2542 medicos,
1079 2494 1139 2548 que

82 2552 154 2618 Quod
168 2554 326 2608 murrbinoa
346 2551 447 2604 calices·
455 2549 584 2613 imitetur,
626 2563 687 2604 sunt
699 2550 802 2604 urenda
818 2570 1047 2624 corporum,.nou
1063 2558 1141 2612 aliter·

82 2646 121 2685 aut
131 2630 446 2705 bparinrbi,sappbirive
456 2629 584 2682 colorem.
621 2630 721 2692 ³utilius
733 2628 762 2682 id
775 2631 834 2684 fieri
850 2645 960 2701 putare,
981 2652 1060 2705 quam
1078 2655 1139 2709 erp-

82 2711 292 2783 bidmfflrig.
305 2711 353 2763 lib.
362 2710 476 2774 XV1,c.
490 2707 535 2762 15.
546 2708 583 2760 Η.
626 2710 731 2763 stallina
750 2710 819 2782 pila,
837 2708 953 2766 adversis
973 2715 1059 2784 posita
1077 2717 1141 2770 solis

118 2800 159 2856 14.
171 2795 227 2847 Nec
240 2805 278 2844 ert
289 2792 341 2843 aaa
354 2809 416 2842 nune
432 2792 533 2840 materia
547 2807 585 2839 re·
626 2789 715 2844 radiis.
726 2816 738 2836 ι
756 2791 847 2844 Hanc.

82 2877 178 2941 μίαν.
198 2874 273 2925 Dum
293 2869 358 2924 flatu
376 2868 515 2938 figuratur.
535 2867 586 2919 lsi·
672 2885 716 2939 ¹7·
746 2869 831 2938 Tingit
857 2887 905 2921 ars.
927 2870 1005 2923 Vitra
1030 2872 1139 2928 scilicet.

83 2948 155 3006 dorus
176 2953 253 3005 bunc
276 2951 365 3002 locum
391 2947 484 3018 legisse
507 2946 586 2999 aliter
628 2949 690 3001 Non
706 2947 865 3001 babenthna
879 2966 956 3002 voces
973 2949 1035 3003 libri
1050 2952 1141 3007 bacte-

83 3029 200 3085 tidetur:
218 3058 230 3080 ι
252 3030 348 3100 Neque
364 3039 402 3080 eat
416 3026 483 3090 alia,
497 3025 587 3097 inquit
628 3045 679 3080 uus
694 3026 768 3080 editi.
783 3029 848 3097 Reg.
861 3025 923 3081 cod.
939 3047 970 3092 a,
985 3033 1075 3100 tinguit
1086 3033 1141 3089 lias.

82 3108 126 3163 loe.
147 3112 193 3165 eit,
212 3109 330 3182 speculis
353 3107 442 3178 aptior
461 3105 586 3169 materia,
629 3106 708 3160 Colb.
724 3107 752 3171 3,
767 3109 856 3177 tingui.
869 3106 943 3173 Quid
954 3111 1065 3180 propius
1074 3131 1141 3176 ,vem

82 3189 120 3241 vel
135 3190 245 3262 picturae
257 3184 489 3242 accommodatior.
500 3183 587 3236 Maxi·
629 3184 780 3250 videretur,
811 3185 878 3238 nibil
906 3189 1023 3241 occurrit
1050 3189 1140 3259 aliud,

82 3285 135 3322 una
153 3282 245 3323 tamen
266 3267 353 3320 bonor
369 3266 398 3318 in
415 3263 529 3318 candido
546 3262 587 3317 vi·
629 3283 710 3337 quam
731 3269 806 3335 tingit
819 3284 868 3319 ers.
888 3267 978 3332 Quum
995 3271 1142 3339 praesertim
1184 3277 1186 3284 “

82 3358 133 3413 tro,
147 3361 200 3402 ete.
213 3374 226 3396 ι
241 3349 335 3400 Hann.
629 3345 751 3416 sequenti
775 3345 897 3416 proxime
928 3363 986 3418 erp.
1010 3349 1111 3418 legatur
1133 3367 1141 3404 :

119 3429 163 3481 15.
188 3428 241 3480 Est
263 3437 351 3479 auream
372 3424 495 3477 Colorem
517 3423 588 3476 terre
634 3449 646 3472 ι
669 3425 785 3478 Peractis
799 3424 924 3478 omnibus
945 3445 1003 3497 ane
1021 3443 1144 3486 constant
1187 3463 1193 3484 s
1231 3455 1237 3474 ι

81 3507 175 3561 vinens
189 3507 264 3560 calix
283 3523 339 3560 nou
353 3515 456 3575 potest,
469 3500 515 3556 aed
532 3501 588 3573 igni
628 3503 751 3574 ingenio,
763 3516 845 3557 artem
856 3516 950 3558 natura
960 3507 1071 3561 iaciente
1083 3528 1143 3564 1111-

81 3587 218 3658 applicitus
235 3585 377 3654 frangitur,
390 3581 444 3635 uisi
462 3599 531 3651 aque
546 3580 588 3633 in·
630 3583 728 3646 currit,
742 3595 817 3637 eren
831 3583 921 3637 lirun.

81 3667 208 3719 terreniat
223 3686 229 3715 :
249 3683 334 3735 quum
349 3675 439 3715 tamen
453 3662 534 3714 orbes
548 3661 589 3712 vi·
673 3666 717 3717 18.
735 3662 866 3716 Calculi..
881 3703 887 3714 .
900 3683 972 3734 quor.
984 3704 991 3717 .
1004 3667 1143 3721 abacelam

82 3746 129 3798 uei
151 3763 222 3816 aqua
251 3743 324 3813 pleni
352 3742 415 3794 solia
443 3739 525 3793 radiis
552 3740 592 3794 sic
633 3742 1144 3817 Scrupos‚opiuor,lusnriosintelligit,

81 3823 285 3886 mundaum,
298 3835 348 3875 etc.
359 3819 450 3874 Han.
632 3822 681 3893 qui
698 3821 871 3874 versicolores
886 3835 969 3876 erant.
984 3823 1036 3876 Des
1055 3825 1143 3880 domm

121 3907 165 3956 16.
177 3901 397 3971 Vitreaepiloesole
405 3899 512 3951 adnare.
520 3899 591 3969 Cry-
634 3900 690 3953 etii
702 3899 818 3955 calculos
827 3901 997 3973 intelligunt,
1008 3905 1107 3976 quibua
1117 3906 1146 3959 iu

82 3977 593 4053 mltupmipueundmperunpe
635 3980 827 4051 supputatione
847 3999 1020 4036 nummorum
1035 3985 1145 4042 utimur.

82 4058 593 4116 mmmmmnetenm-
636 4059 689 4113 Des
697 4061 786 4131 parona
804 4061 894 4114 Hran.

152 4162 219 4230 IX.
336 4148 345 4158 ’
982 4158 1027 4230 36
