2950 5000
304 413 350 508 78
573 414 613 481 c.
639 414 805 483 rotun
833 414 947 483 uir.
974 416 1103 485 nrsr.

304 572 379 615 mus
397 560 432 615 et
457 568 594 614 auream
621 558 763 613 statuam
787 559 822 614 et
842 546 979 615 solidam
1001 534 1167 643 Gorgias⁶
1188 552 1372 621 Leontinus

305 652 444 747 Delphis
462 654 495 719 in
513 649 639 744 templo
662 652 723 720 sibi
747 654 874 745 posuit,
894 654 985 723 nxx⁷
1010 656 1142 724 circiter
1163 654 1372 751 Olympiade.

303 763 428 827 Tantus
445 772 517 827 erat
533 755 691 826 docendae
709 760 864 827 oratoriae
877 760 956 828 artis
973 756 1139 855 quastus!

274 896 282 924 ι
358 868 467 934 XXV.
484 868 612 933 Aurum
631 862 781 958 plurimis
803 864 909 935 modis
927 866 1030 961 pollet
1049 868 1083 935 in
1107 868 1281 953 remediis;
1299 866 1373 937 vul·

306 972 507 1063 neratisque,
533 985 567 1037 et
587 970 767 1040 infantibus
788 970 993 1064 applicatur,
1019 987 1058 1040 ut
1077 974 1187 1043 minus
1210 989 1373 1061 noceant,

304 1103 379 1171 quae
396 1075 792 1161 inferantur,veneficia¹.
813 1080 873 1146 Est
891 1078 945 1147 et’
964 1079 1027 1173 ipsi
1046 1078 1215 1173 superlato
1232 1082 1283 1149 vis
1303 1104 1373 1149 ma·

305 1183 418 1267 lefica,
435 1180 631 1276 gallinarum
651 1207 784 1276 quoque
803 1198 838 1251 et
852 1208 1011 1277 pecorum
1031 1184 1155 1254 foturis.
1175 1186 1375 1255 Remedium

303 1304 355 1359 est
368 1288 503 1359 abluere
520 1288 664 1374 illatum,
685 1302 718 1357 et
737 1313 893 1383 spargere
910 1280 987 1376 eos,
1003 1291 1125 1384 quibus
1139 1291 1266 1361 mederi
1281 1291 1374 1363 velis.

304 1380 482 1465 Torretur³
502 1408 632 1463 etcum
650 1393 725 1464 salis
742 1397 873 1488 gemino
885 1397 1033 1491 pondere
1051 1397 1172 1492 triplici
1190 1400 1328 1487 misens,
1342 1413 1376 1468 et

346 1592 372 1639 6.
399 1586 506 1655 Gorgias
533 1584 672 1637 Leontinus
696 1584 722 1636 lr
745 1582 817 1655 apud
861 1597 888 1637 et
904 1584 997 1639 Cicero
1016 1584 1050 1638 de
1064 1585 1138 1639 Orat·
1152 1587 1204 1641 111.
1217 1588 1376 1659 Cognomeu

306 1667 477 1719 Athenienses
491 1665 527 1716 ob
540 1664 699 1733 eloquentia
711 1664 767 1715 rim
788 1664 817 1715 in
861 1664 941 1718 habet
954 1683 969 1717 a
983 1666 1063 1718 natali
1076 1665 1150 1731 eolo,
1163 1666 1320 1734 Leontinis,
1337 1666 1377 1721 si-

307 1759 380 1799 taoto
401 1745 490 1816 pretio
507 1744 617 1796 habitur
636 1756 690 1808 eat,
709 1754 740 1795 ut
760 1741 818 1795 dies
860 1744 928 1797 ciliae
944 1742 1055 1815 oppido.
1071 1744 1164 1798 Hanc.

307 1827 405 1897 quihus
429 1825 537 1887 orabat,
564 1819 650 1893 ioprdr
676 1834 817 1889 vorarent,
902 1844 930 1895 7.
942 1824 1027 1877 LXX
1038 1828 1135 1877 circiter
1149 1825 1307 1896 Olympiade.
1318 1828 1377 1881 Cir·

307 1906 441 1959 orationes
459 1922 522 1955 vero
537 1897 687 1972 λαμπάδας.
699 1899 817 1973 uhodtg.
861 1903 926 1957 citer
944 1922 1006 1956 ann.
1020 1903 1055 1955 U.
1071 1910 1137 1967 ela.
1153 1904 1247 1959 Hann.

306 1986 354 2038 tib.
369 1985 419 2047 xl,
432 2002 456 2035 c.
475 1982 819 2047 mutuaenutuae,
901 1983 990 2035 XXV.
1007 2001 1032 2035 r.
1052 1983 1087 2035 Ut
1107 1986 1184 2037 ninus
1205 1983 1309 2038 nooeaat
1322 2004 1378 2059 quoe

307 2066 354 2117 sibi
365 2065 462 2133 posmt:
473 2080 528 2115 non
539 2061 610 2115 enim
624 2061 682 2130 ipse
692 2060 742 2114 sibi
752 2099 760 2126 ,
771 2060 817 2115 aed
863 2061 1311 2133 inferanturueueficio.1uoeterantur,
1321 2083 1377 2118 non

308 2145 359 2216 ipsi
370 2142 473 2195 Graecia
482 2158 589 2194 auream
596 2152 709 2193 statuam
719 2141 817 2211 poenit.
863 2144 1006 2210 infimatur,
1027 2142 1055 2195 in
1073 2142 1171 2213 scripto
1188 2144 1292 2200 coelice.
1309 2146 1379 2199 Sunt

308 2222 449 2277 Pausanias
459 2221 571 2289 positam
583 2218 693 2290 quidem
709 2221 744 2273 ab
764 2220 820 2273 uni·
863 2222 971 2275 enimet
982 2222 1097 2274 recentia
1111 2240 1229 2290 venena,
1243 2238 1269 2279 et
1280 2227 1380 2279 invete-

309 2322 384 2357 verea
399 2301 520 2361 Graecia,
536 2298 582 2353 sed
595 2297 697 2352 tentoni
716 2301 820 2353 inaura·
863 2314 934 2365 rate,
959 2312 989 2354 ut
1006 2300 1075 2355 infra
1095 2303 1183 2371 capite
1199 2306 1216 2355 6
1232 2324 1239 2357 r
1254 2330 1266 2353 ι
1282 2305 1378 2359 efficax

308 2397 361 2437 tam
375 2381 476 2435 scribit.
494 2380 636 2433 Athenaeus
649 2379 696 2431 lib.
712 2380 770 2443 xl,
787 2396 819 2431 ex
864 2394 890 2433 et
900 2392 992 2433 contra
1003 2381 1118 2435 recentia
1128 2400 1240 2439 venena.
1251 2412 1263 2433 ι
1274 2384 1358 2439 Pura.

308 2462 457 2533 Hermippo
476 2472 579 2522 namet,
591 2458 698 2528 Gorgiae
710 2457 822 2527 Delphis
907 2480 933 2514 a.
949 2460 997 2514 Est
1008 2472 1032 2512 et
1045 2463 1092 2532 ipsi
1105 2462 1228 2531 superlato
1245 2468 1286 2518 oia
1303 2465 1378 2518 aab·

310 2544 429 2596 Athenas
440 2559 547 2593 reverso
561 2539 697 2592 Platonem
709 2539 821 2592 obvium
858 2538 921 2610 fica,
935 2553 987 2594 etc.
1009 2541 1037 2594 Si
1056 2541 1248 2612 superferatur,
1262 2545 1285 2596 ri
1298 2563 1379 2615 supra

309 2621 421 2675 dixisse:
437 2619 822 2674 ·E00et0m0sumaureum·
865 2633 945 2691 caput
970 2620 1089 2674 tolletur.v
1112 2622 1157 2675 sic
1179 2622 1242 2677 libri
1266 2641 1379 2688 omnes,

309 2722 362 2772 que
375 2701 523 2770 Gorgiam:
539 2698 695 2768 ›illumque
704 2700 763 2768 ejus
776 2715 821 2748 vo·
865 2699 946 2753 etiam
974 2700 1050 2752 MSS.
1071 2719 1143 2764 non,
1167 2713 1197 2754 ut
1223 2703 1381 2758 Gronovius

309 2783 347 2834 eis
360 2781 453 2834 aculeo
466 2777 628 2832 stimulatum
645 2774 823 2846 respondisse,
865 2778 1004 2845 emendat,
1017 2781 1148 2850 superma,-
1166 2793 1191 2832 et
1204 2783 1309 2836 inlitum.
1323 2783 1380 2836 Pli-

309 2857 409 2916 daetc'i
422 2879 451 2929 γι
465 2860 492 2912 ul
504 2849 596 2913 letan
612 2857 655 2910 acl
669 2858 721 2908 νόον
735 2861 821 2910 τοῦτον
865 2858 926 2911 nius
934 2877 964 2912 ee
975 2877 1040 2912 voce
1049 2873 1076 2913 et
1084 2860 1147 2912 aliae
1157 2879 1238 2914 usus:
1253 2863 1381 2928 xxxn,

310 2933 440 3010 Ᾰρχῖλοχον
486 2937 636 3004 ἰνηνόχασιν.
666 2935 822 3002 Victorius,
867 2943 904 3000 46
922 2957 928 2992 :
948 2937 1023 2992 ·Sed
1043 2939 1065 2991 si
1083 2953 1229 2993 castoreum
1246 2943 1382 2996 fibrumve

311 3015 821 3087 tit.v,cap.9.1tmc.-Gorgtas.
865 3016 1080 3088 supergrediatur
1102 3018 1229 3088 gravida,
1252 3024 1381 3076 abortum

311 3101 373 3176 lion
397 3099 447 3150 sibi
465 3097 571 3166 ipsum,
595 3094 642 3148 sed
663 3107 745 3148 tutam
770 3095 821 3165 ipsi
866 3097 951 3150 facere
968 3097 1085 3151 dicitur:
1107 3111 1133 3150 et
1151 3100 1297 3169 periclitari
1318 3121 1381 3173 per·

310 3179 441 3232 Grreciem
457 3176 575 3245 posuisse
588 3173 617 3227 id
627 3191 712 3228 aurete
727 3186 821 3228 statute
866 3188 929 3230 tua:
946 3177 966 3229 si
980 3177 1197 3248 superferatur„
1212 3180 1266 3234 boc
1282 3195 1342 3244 est,
1358 3179 1381 3234 ti

310 3259 408 3322 decus,
430 3258 519 3310 crateri
541 3255 670 3307 scribunt.
685 3253 823 3324 Fortege-
866 3273 971 3308 sursum
998 3257 1107 3320 leretur,
1130 3275 1161 3312 ec
1186 3277 1266 3330 supra
1287 3271 1379 3333 caput.

311 3340 384 3392 mine
397 3335 752 3403 fuir.vat.ttix.vt11,oep
770 3333 820 3386 ult.
867 3333 938 3388 Vide
959 3335 1148 3390 indicemval.
1167 3337 1378 3405 Max.v111,o:

311 3417 431 3488 «Gorgia
446 3434 510 3469 vem
529 3413 656 3466 Leontini
669 3411 764 3466 studiis
778 3413 823 3466 lit·
870 3439 882 3462 ι
898 3415 928 3468 C.
947 3429 1035 3469 antem
1054 3416 1170 3480 Marius,
1190 3416 1225 3471 ad
1251 3421 1382 3474 auxilium

312 3511 427 3550 terarum
450 3494 533 3546 atatis
553 3511 608 3545 sue
625 3505 735 3546 cunctos
754 3509 823 3561 prat·
866 3511 1004 3549 servorum
1029 3495 1102 3567 pileo
1127 3497 1261 3566 superlato
1285 3500 1381 3554 confu-

311 3577 416 3639 stantis,
425 3572 493 3627 adeo
499 3585 531 3626 nt
539 3573 641 3643 primus
648 3573 677 3624 in
685 3584 822 3624 conventu
866 3573 920 3643 git:
938 3599 949 3620 ι
964 3573 1010 3628 sed
1021 3587 1083 3629 suut
1093 3575 1140 3646 qui
1153 3577 1243 3648 legunt
1252 3580 1308 3644 ibi,
1323 3579 1382 3632 sub·

194 3675 198 3682 ’
310 3673 435 3726 poscere,
447 3673 500 3724 qua
512 3651 547 3705 de
559 3671 590 3704 re
604 3652 716 3722 quisque
728 3648 823 3704 audire
867 3654 927 3704 lato.
943 3653 1036 3708 lirun.

216 3763 223 3778 0
311 3736 406 3798 vellet,
423 3751 503 3786 ausos
520 3731 703 3794 sit,uuirersa
716 3729 822 3784 Graecia
908 3733 933 3784 3.
952 3734 1068 3788 Terretur
1083 3747 1107 3785 et
1129 3755 1181 3788 cum
1204 3737 1263 3790 salis
1285 3741 1382 3806 gemino

311 3815 457 3885 intemplo
473 3812 596 3882 Delphici
617 3810 749 3882 Apollinis
774 3823 823 3864 eta·
862 3813 968 3882 pondere
978 3815 1066 3884 triplici
1077 3817 1237 3880 mismaetc.
1250 3819 1285 3870 Et
1300 3818 1380 3887 paulo

311 3909 382 3948 tuam
396 3891 482 3946 solido
496 3910 528 3945 etr
540 3910 606 3944 auro
615 3889 721 3960 posuit:
737 3909 822 3961 quum
867 3905 946 3962 post:
963 3915 973 3936 ι
985 3893 1058 3964 quod
1072 3896 1092 3946 ri
1110 3896 1187 3950 tritus
1199 3915 1299 3966 pumex
1314 3895 1381 3968 adji-

310 3989 466 4028 coeterorurn
486 3969 520 4025 ad
543 3971 568 4026 itl
592 3984 698 4040 tempus
717 3983 823 4024 auratas
866 3971 961 4026 cietur.
980 3999 990 4020 ι
1007 3973 1050 4026 Sic
1071 3975 1134 4045 Reg.
1156 3975 1249 4030 acotl.
1266 3975 1379 4030 totidem

309 4049 823 4120 collocasset-Sicetl'latoinGorgia,
868 4051 962 4105 litteris
984 4065 1009 4106 et
1033 4053 1171 4110 Pintiauus
1192 4075 1207 4108 e
1227 4075 1283 4110 suo.
1303 4056 1380 4110 Prine
