2950 5000
339 381 410 454 208
609 385 649 452 C.
675 382 841 454 PLINII
866 383 976 456 Ntt.
1003 384 1137 454 HIST.

339 519 414 605 lior,
429 532 462 587 et
480 515 523 586 ad
542 517 711 587 cicatrices
721 503 746 547 ¹⁴
763 503 980 588 trahendas¹⁵.
1000 517 1123 588 Fluunt
1137 543 1180 590 ex
1199 543 1239 590 ee
1257 519 1320 592 duo
1335 519 1386 592 alia

342 609 515 720 genera¹⁶2
532 623 696 717 onychitis
707 621 730 662 ¹⁷
747 639 840 694 extra
854 649 948 718 paene
968 623 1123 713 caerulea,
1140 627 1232 720 intus
1247 628 1389 723 onyebite

342 729 480 801 maculis
494 729 619 799 similis.
634 731 809 800 Ostracitis
826 745 896 801 tota
906 732 1017 825 nigra,
1031 745 1064 800 et
1079 755 1098 800 e
1111 734 1238 802 caeteris
1250 733 1389 804 sordidis·

309 846 324 903 t
343 839 445 922 sima,
460 835 653 904 vulneribus
668 837 809 904 maxime
824 836 923 912 utilis.
940 838 1059 906 Omnis
1074 852 1185 908 autem
1201 825 1347 910 cadmia¹'
1361 841 1390 907 in

344 945 448 1037 Cypri
467 942 658 1011 fornacibus
674 944 821 1035 optima,
843 945 1029 1036 iterumque
1053 968 1073 1012 a
1096 945 1233 1014 medicis
1255 946 1391 1040 coquitur

343 1050 488 1119 carbone
506 1072 612 1141 puro;
633 1060 732 1141 atque
755 1048 812 1116 ubi
833 1050 867 1116 in
888 1051 1031 1118 cinerem
1055 1049 1167 1136 rediit,
1189 1053 1391 1146 exstinguitur

342 1158 421 1224 vino
439 1157 622 1239 ammineo,
641 1178 715 1247 quae
733 1152 776 1222 ad
792 1153 971 1249 emplastra
987 1171 1214 1250 praeparatur:
1234 1182 1304 1251 quae
1323 1181 1392 1225 tero

342 1261 385 1332 ad
398 1284 530 1355 psoras,
550 1274 654 1329 aceto.
669 1258 816 1347 Quidam
826 1259 850 1298 ¹⁹
861 1263 895 1330 in
909 1259 981 1330 ollis
1000 1261 1154 1331 fictilibus
1169 1277 1277 1332 tusam
1293 1276 1393 1348 amnt,

342 1391 383 1436 ac
401 1366 511 1438 lavant
531 1367 565 1434 in
589 1367 771 1450 mortariis,
792 1382 908 1460 postea
932 1368 1065 1438 siccant.
1091 1367 1342 1464 Nymphodorus
1359 1366 1395 1436 la·

343 1473 457 1568 pidem
465 1471 490 1497 ²⁰
521 1473 629 1566 ipsum
652 1495 753 1565 quam
773 1474 1003 1566 gravissimum
1022 1475 1317 1571 spississimumque
1337 1475 1396 1542 urit

342 1601 469 1674 pruna,
484 1593 519 1647 et
538 1593 690 1647 exustum
710 1579 797 1647 Chio
815 1580 894 1648 vino
913 1581 1102 1674 restinguit,
1123 1581 1312 1676 tunditque,
1329 1605 1396 1648 mox

344 1685 447 1754 linteo
462 1685 602 1770 cribrat,
624 1696 723 1779 atque
740 1685 774 1753 in
794 1687 955 1754 mortario
976 1687 1073 1768 terit,
1095 1711 1174 1756 mox
1194 1711 1280 1781 aqua
1299 1685 1397 1781 pluria

344 1805 513 1889 macerat,
529 1792 717 1885 iterumque
742 1791 817 1860 terit
848 1790 939 1884 quod
963 1790 1118 1878 subsidit,
1147 1793 1256 1864 donec
1273 1816 1397 1863 cenasse

346 1896 458 1966 similis
473 1896 551 1981 fiat,
565 1895 656 1965 nulla
671 1896 819 1964 dentium
834 1896 1001 1966 offensa²‘.
1022 1897 1146 1967 Eadem
1164 1897 1287 1968 lollae²'
1304 1901 1396 1969 aetio:

345 2003 404 2073 sed
424 2028 523 2097 quarn
547 2004 758 2097 purissimum
781 2002 923 2097 lapidem
944 2003 1045 2098 eligit.

312 2143 325 2177 ι
397 2111 528 2178 xxltt.
558 2107 705 2179 Cadmiae
728 2107 868 2178 effectus
897 2111 1022 2179 siccare
1033 2107 1055 2194 ¹,
1082 2134 1277 2204 persanare,
1299 2113 1398 2182 sistere

342 2216 523 2301 fluxiones,
534 2216 683 2309 pterygia
697 2229 732 2282 et
747 2214 860 2284 sordes
873 2214 1047 2284 oculorum
1058 2241 1213 2311 purgare,
1226 2218 1398 2288 scabritiem

341 2337 539 2406 extenuare,
554 2335 588 2388 et
604 2321 764 2414 quidquid
785 2323 819 2389 in
834 2321 960 2418 plumbi
979 2321 1103 2390 effectu
1121 2322 1282 2394 dicemus.
1306 2327 1348 2394 Et
1363 2347 1398 2392 as

341 2430 449 2525 ipsum
463 2427 506 2496 ad
521 2427 632 2496 omnia
646 2425 778 2497 eadem¹
794 2429 920 2497 uritur:
939 2443 1139 2525 praeterque,
1154 2428 1325 2525 albugines
1338 2453 1400 2501 ocu·

385 2601 430 2657 14.
443 2594 479 2645 Et
486 2592 656 2647 adeicatrices.
664 2593 804 2647 Κατευὶεῦν
813 2590 855 2648 du-
897 2595 1082 2661 bes.X111,c.
1099 2614 1165 2666 227,
1181 2596 1292 2650 totidem
1303 2594 1399 2651 omnino

335 2676 450 2744 nuptm,
463 2673 550 2743 inquit
564 2672 654 2727 leso.
668 2674 719 2727 loe.
735 2674 782 2726 cit.
798 2674 833 2728 ll.
898 2674 996 2728 verbis.
1008 2674 1100 2727 Haeo.

386 2752 431 2805 15.
454 2751 605 2805 Trahendas.
621 2751 763 2805 Delendas.
780 2754 814 2805 ll.
874 2792 875 2797 η
942 2754 1116 2823 19.Quttam.
1130 2754 1253 2809 Diosoor.
1269 2770 1297 2810 et
1308 2754 1400 2809 Oribes.

317 2882 321 2887 .
385 2831 852 2901 16.Fluuateteseaduoeliagenen.
896 2833 927 2886 ll.
941 2850 981 2887 cc.
996 2830 1087 2883 Hatita.

342 2912 406 2965 Hee
417 2909 472 2964 duo
484 2928 581 2981 genera
594 2908 705 2963 totidem
723 2912 793 2963 notis
807 2910 854 2965 de·
941 2931 985 2965 ao.
1005 2913 1130 2983 Lapidem.
1149 2914 1188 2967 Ex
1209 2932 1265 2985 quo
1285 2916 1342 2969 lieri
1357 2932 1400 2978 tes,

341 2990 434 3044 scribit
447 3004 474 3043 et
491 2990 582 3043 Diosc.
595 2991 632 3055 V,
652 2992 688 3053 84
701 3008 708 3043 :
723 2980 856 3059 ὀνυχῑτις,
899 3008 1034 3065 quemque
1049 2990 1179 3045 cadmiam
1198 2996 1328 3064 appellari
1343 2993 1401 3047 diri·

341 3073 383 3125 ut
403 3070 608 3139 &putemne
621 3081 741 3123 testeeee.
757 3069 806 3124 Illa
820 3070 854 3123 ab
898 3090 958 3125 mus
973 3071 1024 3125 sub
1037 3071 1142 3125 initium
1154 3072 1234 3143 hujus
1247 3072 1350 3146 eupli.

341 3148 856 3215 intercurrentibuslineis,seumaculis,
941 3168 987 3204 ει.
1002 3151 1079 3203 Natta
1090 3150 1195 3203 dentium
1207 3154 1315 3219 effinse.
1324 3154 1401 3217 lunt,

342 3230 475 3301 onychitis
486 3225 715 3298 lapidisimilibus,
724 3225 854 3298 dispicere
899 3248 983 3299 quum
1006 3230 1152 3295 manditur,
1174 3230 1305 3287 dentibus
1320 3230 1400 3295 sedet,

341 3312 433 3378 ἔχουσα
447 3310 555 3379 lpqspsis
573 3308 672 3378 ὀνυχίτῃ
686 3310 754 3378 λίθῳ.
769 3309 821 3361 Ista
840 3327 855 3361 e
899 3310 986 3363 Diosc.
1000 3310 1052 3363 loc.
1062 3310 1106 3363 cit.
1119 3308 1211 3369 liano.

342 3388 482 3460 superficie
494 3390 663 3452 terrea,sive
672 3400 793 3452 testacea,
803 3406 855 3441 no·
941 3408 986 3442 εε.
1010 3390 1105 3442 Eadem
1128 3390 1198 3442 Iolla
1221 3396 1297 3445 aetio.
1320 3392 1360 3446 Sic
1379 3400 1401 3441 et

342 3468 521 3521 men-habet:
536 3463 627 3537 γεώδει
639 3464 669 3520 dl
685 3468 701 3525 ἢ
717 3463 855 3539 dependula
899 3468 978 3521 Iollas
988 3468 1058 3522 lacit.
1070 3468 1160 3523 llsnn.

342 3550 476 3618 κεχρημένη
489 3548 626 3617 ἐπιφανείᾳ.
641 3546 730 3599 Haeo.
939 3548 1044 3601 xxm.
1062 3567 1087 3603 r.
1101 3548 1212 3602 cadmia
1224 3551 1327 3618 effectas
1339 3554 1401 3601 n'ece·

385 3646 430 3696 ¹7·
449 3627 585 3698 Orychiu's.
604 3628 648 3679 Sic
664 3639 691 3679 et
703 3624 854 3681 Diosoorid.
899 3648 940 3692 re,
953 3640 1002 3681 etc.
1021 3628 1112 3681 Dioso.
1129 3629 1181 3681 loc·
1201 3630 1248 3683 cit.
1265 3634 1366 3701 Δύεεμιε
1377 3622 1400 3680 dl

342 3707 440 3774 ὀιυχίτῃ
456 3707 526 3777 λίθῳ.
538 3704 623 3758 Grou.
640 3705 679 3757 tt.
690 3718 753 3759 ente
769 3704 854 3759 Hard.
898 3709 949 3776 Ιχει
967 3708 1106 3772 constatis,
1121 3710 1283 3779 κοιλωμάτων
1303 3712 1401 3765 &seete-

343 3800 370 3841 et
382 3788 454 3837 Brot.
470 3804 502 3837 ex
514 3782 573 3837 cod.
586 3785 651 3855 Reg.
668 3785 683 3839 5
696 3796 723 3837 et
734 3784 799 3840 edit.
813 3804 854 3859 pr.
900 3788 1050 3857 ρωματιεὴν,
1059 3791 1206 3858 ιαθειρτικὴν
1216 3792 1400 3861 §numeneu-

343 3867 454 3939 onyclris,
468 3883 524 3918 non
535 3865 664 3933 onychitoe.
675 3864 726 3917 Eo.
904 3866 970 3919 .vi·
981 3866 1005 3918 ei
1016 3865 1191 3939 adstringere,
1200 3882 1250 3923 ete.
1266 3896 1277 3915 ι
1298 3870 1379 3922 Hero.

386 3949 427 3999 18.
455 3945 540 3997 Omnis
562 3954 643 3995 eutem
665 3944 779 4007 eadum,
804 3956 855 3999 ete.
943 3964 968 3999 a.
986 3946 1022 3997 Et
1038 3966 1071 3999 ωε
1085 3951 1160 4015 aptum
1176 3948 1212 3999 ad
1223 3954 1306 4003 omnm
1322 3946 1399 3999 uda„

343 4025 432 4078 Dione.
448 4024 501 4076 loe.
519 4022 564 4075 cit.
583 4034 610 4075 et
625 4035 685 4094 post
700 4024 777 4077 illum
793 4023 855 4077 Ori·
902 4024 958 4079 lloe
972 4038 1022 4093 eet,
1036 4038 1066 4079 ut
1082 4026 1170 4081 Diosc.
1188 4028 1344 4099 explicatius
1358 4038 1400 4079 tre·
