2950 5000
334 408 407 481 562
600 412 640 480 C.
667 413 841 482 PLINII
868 414 978 484 NAT.
1007 412 1137 481 HIST.

332 566 417 635 quos
434 542 532 611 etiam
555 541 707 637 plu‘ribus
729 543 836 613 modis
856 542 1080 613 versicolores.
1101 545 1233 613 vinnm
1251 540 1383 636 sulphuri

333 662 531 718 concoctum
554 648 818 718 ferruminatur'⁹
835 652 870 718 in
892 649 1046 745 lapidem.

302 784 313 815 1
387 755 547 823 LXVIII.
569 760 614 823 At
633 757 776 857 peractis
793 756 968 839 omnibus,
989 780 1061 849 quae
1079 766 1237 823 constant
1255 753 1384 846 ingenio,

276 900 284 916 ·
332 874 440 929 artem
454 873 575 929 natura
597 860 756 944 faciente,
784 864 949 931 succurrit
968 862 1099 947 mirari,
1121 858 1205 929 nihil
1222 882 1311 954 pane
1328 882 1386 925 non

333 967 403 1059 igni
422 964 548 1058 perfici.
565 958 708 1052 (xxvii.)
728 969 821 1062 Ignis
837 970 959 1063 accipit
979 991 1116 1051 menas,
1135 990 1176 1035 ex
1192 965 1308 1059 quibus
1323 962 1387 1032 alibi

333 1074 468 1155 vitrum,
482 1070 560 1141 alibi
578 1087 772 1167 argentum,
783 1072 863 1142 alibi
875 1076 1031 1159 minium,
1046 1071 1124 1141 alibi
1134 1070 1262 1165 plumbi
1274 1092 1387 1163 genera,

333 1175 411 1245 alibi
424 1178 593 1271 pigmenta
601 1232 611 1265 ‚
619 1178 698 1247 alibi
705 1178 946 1251 medicamenta
954 1178 1071 1249 fundit.
1083 1182 1168 1272 Igne
1176 1174 1309 1271 lapides¹
1317 1178 1388 1244 inas

335 1281 523 1369 solvuntur,
544 1285 622 1377 igne
642 1283 766 1354 ferrum
795 1287 942 1380 gignitur
974 1310 1014 1354 ac
1033 1284 1215 1378 comatur,
1235 1286 1307 1375 igne
1325 1304 1388 1349 cre·

332 1402 424 1457 mato
450 1387 579 1482 lapide²
597 1404 757 1461 crementa
774 1392 808 1459 in
833 1392 928 1461 tectis
947 1390 1103 1486 ligantur.
1123 1387 1198 1458 Alia
1218 1389 1329 1482 saepius
1346 1386 1389 1454 uri

332 1493 479 1589 prodest.
501 1494 694 1590 Eademque
709 1479 867 1565 materia³
888 1495 978 1566 aliud
996 1496 1102 1591 gignit
1120 1496 1239 1589 primis
1260 1492 1389 1588 ignibus,

333 1599 422 1669 aliud
443 1600 612 1687 emundis,
628 1600 718 1671 aliud
742 1605 868 1671 tertiis:
888 1603 1023 1697 quando
1039 1604 1109 1695 ipse
1125 1600 1230 1669 carbo
1250 1602 1330 1668 vires
1344 1598 1390 1665 br·

334 1706 414 1775 bere
432 1706 550 1801 incipit
571 1709 769 1795 restinctus,
787 1721 888 1803 atque
907 1710 1067 1778 interiisse
1087 1706 1258 1791 creditus,
1275 1704 1390 1797 majoris

337 1812 377 1880 fit
393 1813 535 1881 virtutis.
559 1816 727 1883 Immensa
752 1828 786 1883 ot
806 1815 959 1909 improba
983 1838 1096 1883 rerum
1121 1826 1251 1881 naturae
1274 1812 1388 1906 portio:

335 1932 370 1986 et
391 1918 426 1984 in
446 1942 512 2011 qua
531 1917 669 1990 dubium
690 1920 746 2003 sit,
767 1918 863 2015 plura
883 1921 1052 2005 absumat,
1072 1942 1114 1987 an
1132 1918 1251 2013 pariat.

304 2055 316 2089 1
389 2024 516 2093 LXIX.
548 2026 609 2093 Est
632 2038 667 2092 et
686 2026 767 2119 ipsis
793 2026 926 2119 ignibus
953 2026 1081 2095 medica
1106 2026 1168 2095 vis.
1193 2021 1390 2102 Pestilentia,

337 2153 411 2222 quae
428 2127 505 2197 solis
525 2129 760 2199 obscuratione
777 2132 998 2216 contrahitur,
1014 2132 1100 2223 ignis
1114 2128 1231 2198 suffitu
1251 2126 1389 2197 multifor-

336 2235 435 2303 miter
455 2234 603 2304 auriliari
618 2250 755 2304 certum·
767 2252 825 2307 est.
845 2235 1064 2331 Empedocles
1084 2250 1119 2304 et
1136 2236 1349 2331 Hippocrates
1365 2228 1390 2297 id

337 2340 606 2410 demonstravere
633 2342 771 2411 diversis
796 2340 886 2412 locis.
914 2342 966 2411 Ad
988 2340 1148 2411 convulsa
1176 2343 1319 2425 viscera,
1347 2350 1392 2403 aut

338 2459 495 2534 contusa,
512 2460 550 2516 ut
567 2447 767 2517 M.Varr0¹:
787 2450 865 2544 ipsis
883 2450 972 2542 enirn
990 2448 1100 2516 verbis
1118 2446 1190 2540 ejus
1208 2434 1299 2516 utar:
1316 2443 1392 2512 «lix

339 2553 422 2620 cinis
435 2565 503 2640 est,
520 2554 649 2648 inquit,
664 2555 741 2624 foci.
759 2555 843 2624 Inde
859 2556 947 2625 enim
964 2557 1045 2622 cinis
1062 2552 1181 2622 luxatis
1203 2549 1320 2650 potus²
1337 2572 1391 2618 me

384 2780 426 2831 ¹9·
441 2764 677 2819 Ferrumiaatur.1n
689 2765 855 2837 lapidiemo-
897 2766 1009 2820 Plautus
1028 2766 1187 2837 riinplioitor
1202 2766 1319 2820 cinerem
1332 2773 1393 2817 roret

340 2839 568 2896 duminduratur.
582 2845 674 2898 lirun.
897 2843 1032 2899 inMilite.
1044 2846 1122 2909 Mer,
1134 2844 1393 2916 equazinrleelixare,

379 2921 507 2976 LXVIII.
536 2942 561 2978 r.
591 2924 652 2993 Igne
679 2925 780 2994 laptiles
808 2924 855 2977 Li·
898 2943 965 2996 equa
980 2943 1103 2994 coquere.
1124 2925 1211 2992 Lim,
1227 2926 1275 2996 qui
1293 2924 1392 2976 oiffiun

341 3000 391 3053 bro
406 3001 754 3074 xxxw‚c·p.2.11mn.
897 3003 1029 3058 sustinent
1040 3021 1116 3075 aqna
1129 3003 1263 3057 vehendas
1275 3002 1391 3056 mittetur

384 3099 410 3134 a.
423 3082 486 3150 Igne
505 3095 610 3135 mirato
631 3083 718 3152 lapide
742 3084 783 3136 Ex
798 3101 853 3155 quo
897 3083 1393 3146 Lir,cinie,velbnmorcinerimixm,

239 3221 242 3227 Ι
340 3159 639 3214 oalxellicitur.llnn.
787 3211 790 3216 .
833 3209 837 3217 .
896 3161 1241 3217 bodielixiriurn.Nor.-
1251 3157 1392 3228 Quidanle·

382 3236 854 3312 temerassenutdeptum·
896 3257 984 3313 gunt,
1006 3265 1019 3286 ι
1036 3241 1102 3294 Inde
1126 3243 1199 3294 euim
1224 3242 1293 3296 cinis
1317 3237 1393 3293 lumb

341 3317 787 3385 bodictumeet,srb.XXX111,c.
800 3327 852 3391 47:
896 3335 978 3393 potus
995 3320 1128 3384 medetur,
1142 3333 1194 3374 otc.
1212 3347 1225 3368 ι
1243 3317 1394 3375 cinerenbir

345 3423 357 3444 ι
372 3398 437 3469 Ejus
449 3400 498 3470 qui
511 3400 616 3469 primus
631 3401 683 3454 luit
695 3400 723 3452 in
736 3400 853 3453 fornaci·
897 3401 1020 3455 lixivium
1032 3413 1206 3471 exponentes.
1214 3399 1285 3454 Vide
1296 3397 1392 3452 Dietion·

340 3475 392 3530 bue
412 3479 513 3550 liquor,
535 3491 659 3533 sunnam
682 3479 850 3550 appellaturi
897 3481 1035 3534 Constant.
1049 3479 1078 3532 in
1090 3497 1157 3532 voce
1169 3472 1393 3534 miserescunt.

340 3555 544 3627 qmoecundus,
559 3571 804 3630 argentum,etc.·
817 3559 852 3612 ll.
897 3559 931 3614 de
958 3559 1050 3612 lixivio
1079 3557 1198 3629 idipsum
1228 3555 1342 3630 prodidit
1361 3552 1394 3606 bis

380 3635 479 3690 LXIX.
500 3655 525 3691 1.
546 3637 584 3692 M.
608 3639 690 3690 Varro
706 3650 793 3690 auctor
808 3651 853 3691 est.
898 3639 986 3692 verbis
1005 3657 1012 3691 :
1034 3639 1164 3698 ποτίζιται
1185 3641 1245 3708 πρὸς
1269 3637 1393 3706 erre'pmi

341 3717 405 3770 Duo
424 3727 559 3787 perirem
575 3718 658 3771 rerba
679 3716 807 3782 delenda,
820 3737 854 3770 ex
899 3719 1029 3789 ῥήγματα,
1043 3719 1195 3788 θλάσμιτι,
1213 3736 1273 3789 cop.
1289 3715 1321 3767 de
1335 3713 1393 3765 Fico-

340 3795 439 3865 scripto
449 3794 689 3867 codice.requitur
697 3798 770 3851 enim
780 3798 853 3852 illico
899 3799 998 3850 Druso.
1012 3827 1054 3837 —
1073 3797 1141 3850 Cirris
1159 3796 1392 3849 tererestereres

340 3875 454 3928 verbnm
466 3877 647 3948 inquichr.
897 3877 1017 3930 &mena
1042 3888 1117 3929 vetuo
1142 3874 1228 3929 editio
1252 3894 1260 3925 ε
1280 3892 1344 3934 non,
1367 3879 1392 3919 ut

380 3955 590 4025 chimarus
600 3955 853 4009 nedumltxivum
896 3957 1102 4026 Dalecampim,
1127 3959 1187 4008 ciris
1216 3955 1309 4008 Iidem.
1331 3946 1391 4004 cni·

338 4031 454 4087 cinerem
479 4025 600 4104 (Grecis
624 4037 706 4090 »oriar
731 4026 852 4106 curli)
896 4035 995 4091 lixivus
1003 4033 1112 4099 dicituro
1121 4024 1389 4124 nmqtnnipoendr
