2950 5000
480 394 635 465 LIBER
662 394 870 465 XXXVII.
1132 394 1209 469 685

130 511 325 614 frontalia⁸‚
344 540 443 621 atque
465 548 528 619 pro
550 524 694 620 phaleris
717 523 854 619 pensilia
880 524 1035 596 lacerent.
1062 529 1106 597 Et
1129 526 1208 599 alias
1229 544 1243 578 ²

131 658 258 703 ornnes
273 656 412 729 gemmae
423 631 527 701 mellis
538 630 677 700 decoctu
690 634 873 713 nitescunt,
887 634 1054 726 praecipue
1063 634 1208 703 Corsici:
1245 658 1250 669 ’

130 740 276 812 inomni
289 738 353 809 alio
367 762 429 807 usu
443 738 656 806 acrimoniam
669 738 910 806 abhorrentes⁷.
920 740 1109 825 Quaevnriae
1121 755 1209 826 sunt,

129 859 170 913 et
180 844 226 913 ad
237 846 419 914 novitatem
431 842 589 911 accedere
597 842 776 912 calliditate
788 845 993 937 ingeniorum
1005 845 1157 940 contigit,
1172 860 1210 915 ut

129 974 264 1019 nomen
288 952 444 1018 usitatum
468 972 535 1016 non
562 949 722 1031 babeant,
745 934 887 1042 physes⁸
906 948 1095 1043 appellant,
1117 948 1209 1020 uelut

129 1056 242 1149 ipsius
257 1070 385 1124 natura
403 1053 652 1123 admirationem
674 1058 714 1122 in·
725 1056 765 1123 iis
777 1053 1000 1142 venditantes,
1011 1080 1115 1150 quum
1134 1056 1209 1126 finis

130 1162 314 1230 nominum
333 1185 400 1229 nou
419 1161 482 1245 sit,
495 1183 568 1252 quae
586 1160 739 1253 persequi
754 1184 823 1227 non
843 1160 995 1253 equidem
1010 1164 1137 1257 cogito,
1152 1164 1207 1229 in-

130 1290 279 1335 numera
301 1291 342 1334 ex
363 1268 482 1336 Graeca
505 1266 651 1334 vanitate
680 1265 832 1334 confictu.
856 1265 1014 1335 Indieatis
1042 1267 1207 1337 nobilibus

131 1373 300 1467 gemmis,
323 1372 421 1439 etiam
444 1369 579 1464 plebeiis
600 1373 761 1439 rariorum
783 1394 961 1467 generum,
979 1371 1070 1441 dictu
1090 1372 1208 1469 dignas

130 1478 324 1547 distinxisse
352 1478 431 1547 satis
455 1490 536 1544 erat.
563 1472 650 1544 Illud
674 1476 777 1546 modo
798 1480 986 1547 meminisse
1015 1482 1207 1567 conveniet,

130 1582 399 1653 increscentibus
428 1584 518 1650 varie
545 1581 682 1651 maculis
708 1606 748 1652 ac
779 1585 949 1667 verrucis,
980 1581 1207 1679 linearumque

132 1690 379 1759 interveniente
406 1686 581 1782 multiplici
602 1688 705 1757 ductu
728 1702 762 1757 et
783 1686 915 1773 colore,
938 1702 1064 1757 mutata
1086 1693 1206 1785 saepius

132 1796 274 1864 nomina
291 1796 326 1863 in
346 1793 460 1863 eadem
479 1792 673 1888 plerumque
687 1794 834 1863 materia.

189 1902 339 1970 Luxu·
353 1901 453 1969 Nunc
466 1901 687 1968 communiter
697 1899 738 1967 ad
757 1900 904 1968 omnium
922 1920 1131 1994 gemmarum·
1149 1901 1206 1971 ob·
1227 1924 1236 1958 1

133 2009 360 2076 servationem
377 2006 574 2099 pertinentia
587 2005 751 2089 dicemus,
767 2006 939 2099 opiniones
953 2009 1083 2098 sequuti
1096 2022 1206 2077 aucto

132 2136 225 2181 rum.
245 2115 346 2181 Cava
367 2126 425 2179 ant
442 2111 675 2180 extuberantes
692 2109 824 2179 viliores
843 2110 998 2179 videntur
1015 2112 1205 2205 aequalibus.

134 2220 259 2313 Figura
284 2215 428 2311 oblonga
453 2218 597 2286 maxime
622 2216 811 2311 probatur:
832 2214 950 2285 deinde
971 2240 1044 2309 qua
1065 2233 1206 2288 vocatur

137 2320 329 2393 lenticula¹2
349 2337 463 2418 postea
478 2321 642 2416 cycloides
662 2336 697 2390 et
714 2318 892 2392 rotunda²:
912 2320 1078 2416 angulosis
1093 2339 1204 2393 autem

136 2430 276 2499 minima
296 2430 410 2524 gratia.
439 2430 545 2497 Veras
565 2452 585 2497 a
605 2412 715 2500 falsis³
744 2427 951 2499 discernendi
971 2449 1090 2524 magna
1113 2429 1204 2500 diffi-

137 2533 272 2605 cultas:
295 2537 418 2630 quippe
438 2558 539 2628 quum
568 2536 739 2602 inventum
771 2537 829 2620 sit,
850 2559 889 2602 ex
910 2536 996 2603 veris
1014 2538 1151 2629 gemmis
1170 2540 1205 2606 in

135 2629 295 2769 alteriuq⁴
321 2642 452 2737 generis
479 2639 578 2709 falsas
607 2640 791 2710 traducere.
812 2639 1041 2735 sardonyches
1065 2667 1084 2710 e
1104 2645 1205 2713 ternis
1224 2685 1238 2717 π

178 2827 208 2878 6.
225 2823 363 2876 Frontolio.
384 2822 548 2875 Ornamentis
565 2840 649 2893 equo-
691 2821 805 2892 quodet
823 2821 949 2887 lenticula
966 2823 1153 2893 appellatum
1171 2826 1204 2878 li·

135 2922 201 2958 rum
226 2903 326 2966 fiunti,
347 2902 403 2956 rive
425 2901 654 2970 elephantorum,
690 2919 758 2972 gnra
770 2900 866 2954 lentis?
879 2884 969 2954 Iliso.

135 2982 246 3055 imponi
263 2983 348 3034 solita.
371 2980 496 3034 Occurrit
510 2999 562 3034 roa
574 3000 607 3034 ea
623 2993 649 3033 et
735 2999 761 3033 o.
783 2981 873 3032 Postea
897 2979 1018 3050 clypeidos
1041 2991 1065 3031 et
1087 2983 1203 3038 rotundo.

135 3061 213 3134 apud
222 3059 474 3116 [triumlntnss.
490 3063 556 3130 Reg.
570 3059 648 3112 Colb.
691 3059 812 3112 Turneb.
825 3057 960 3120 emendat,
986 3061 1106 3129 epipedos.
1129 3063 1202 3116 Con.

135 3142 247 3195 etFux.
266 3141 322 3194 beo
341 3140 464 3204 breiiut,
489 3166 501 3188 ι
518 3152 549 3192 ut
573 3141 650 3210 equis
691 3140 822 3193 staulinus
834 3155 897 3190 vero
906 3137 969 3209 legit
979 3139 1123 3202 κυκλώπιος.
1133 3140 1203 3194 Vide

136 3239 233 3292 regum
255 3219 286 3272 iu
307 3219 425 3273 Oriente·
439 3219 561 3289 phaleras
579 3219 648 3273 face·
692 3219 741 3272 lib.
757 3219 786 3284 1,
811 3233 870 3286 cop.
893 3235 926 3270 ar
947 3215 1087 3271 Adrersnr.
1111 3221 1203 3291 Lego,

135 3311 209 3355 rent.
224 3326 236 3348 ι
252 3298 320 3352 Sunt
332 3311 421 3352 antem
433 3298 563 3369 phalera,
575 3316 648 3369 quae·
691 3298 770 3370 olyper‘
789 3298 860 3350 modo
873 3297 986 3350 rotundo,
1001 3297 1069 3362 Alii,
1086 3297 1203 3370 clypeoei-

135 3379 320 3450 vireqnornm
334 3389 498 3430 ornamenta.
509 3377 608 3430 lirun.
690 3377 741 3432 des.
755 3377 823 3430 Du.
841 3407 881 3418 --
896 3371 1029 3448 Cycloides.
1044 3376 1122 3431 Prius
1133 3379 1204 3450 lege-

178 3477 208 3529 7.
232 3458 398 3510 Aotmostoo
419 3456 581 3508 abhorrentes·
603 3456 649 3510 Sic
694 3457 774 3511 batur
786 3455 923 3526 clypor'dor,
939 3468 1072 3526 tamquam
1085 3475 1100 3509 a
1112 3457 1204 3510 simili·

135 3539 217 3592 MSS.
229 3555 330 3590 omnes.
339 3534 427 3593 Edid,
436 3541 532 3588 acriora
545 3539 649 3588 corioro·
692 3535 787 3590 tudine
799 3535 896 3606 clypei.
910 3535 945 3586 Ar
956 3533 1079 3604 displicet
1089 3535 1204 3606 hybrida

136 3620 213 3671 nimo.
228 3617 323 3670 urso.
692 3633 755 3669 vox.
776 3609 926 3674 nocenti<
947 3613 1029 3682 magis
1050 3615 1145 3668 arrisit.
1170 3617 1204 3670 Io

179 3698 208 3750 8.
220 3695 322 3765 etym.
337 3694 443 3759 worse,
456 3706 579 3758 naturae,
602 3713 649 3748 sou
693 3694 770 3748 MSS.
782 3693 922 3758 omnibns,
932 3691 1038 3746 clitedor.
1051 3691 1143 3748 Iluro.
1181 3679 1188 3700 i

136 3787 241 3829 natm
254 3792 344 3846 opero.
358 3773 451 3826 nien.
734 3774 762 3828 3.
779 3773 856 3827 Veros
873 3793 888 3824 o
900 3772 984 3839 saliis,
1006 3771 1069 3824 Hac
1091 3773 1203 3850 tptidem

178 3854 290 3906 Lm.
305 3853 476 3906 imolam.
490 3853 535 3906 An
550 3852 649 3904 ssimi·
692 3853 781 3907 verbis
796 3849 929 3916 Isidorus,
953 3850 1026 3920 Orig.
1051 3851 1097 3904 lib.
1118 3853 1203 3916 XVI,

137 3931 254 3986 litodine
263 3933 341 3986 lentio
353 3932 456 4002 aliquo,
465 3950 499 3985 an
512 3932 548 3986 ab
562 3931 649 3984 affini·
674 3977 680 3986 .
693 3950 752 4003 cop.
770 3939 814 3996 14.
830 3929 921 3984 Iluro.

138 4024 194 4068 teto
214 4030 276 4066 cum
302 4011 369 4066 mit
394 4029 493 4083 genere
515 4009 650 4082 quodum,
734 4011 815 4076 Mle
829 4011 1033 4080 verirgemmisio
1046 4009 1154 4064 alterius.
1166 4013 1205 4066 Ut
