2950 5000
330 434 401 522 ιιι,
604 441 643 507 c.
671 440 840 509 aaran
866 440 970 507 aar.
1000 442 1127 508 uisu.

329 570 406 639 dine
424 570 549 663 ignium
571 570 746 666 appellati,
763 598 867 667 quum
881 574 942 666 ipsi
964 597 1033 641 non
1050 573 1194 641 sentiant
1212 570 1321 667 igner²‚
1334 572 1369 639 ob

329 676 362 744 id
384 700 403 743 a
428 676 626 770 quibusdam
645 680 770 747 acausti
791 664 931 747 vocati³.
958 664 1367 773 Horumgenera‚1ndici⁴‚

328 796 362 850 et
376 783 602 851 Garamantici
609 768 632 869 ⁵,
650 808 734 876 quos
757 799 790 853 et
806 769 1077 854 Carchedonios⁶
1100 800 1239 867 vocant,
1260 797 1373 877 propter

370 1007 397 1040 a.
416 988 497 1058 Quum
516 989 563 1056 ipsi
580 1006 628 1039 aaa
644 991 752 1040 aeathnt
768 990 844 1057 ignea.
889 988 979 1042 inania
995 987 1116 1041 salmasii
1135 991 1283 1061 conjectura
1299 990 1322 1042 in
1338 988 1375 1041 Sa·

330 1066 494 1122 Carbuucnli
513 1066 599 1117 multo
619 1067 709 1119 miuus
728 1068 847 1123 sentiunt
890 1068 937 1121 lia.
951 1086 1010 1139 pag.
1027 1086 1095 1138 ²77,
1109 1070 1323 1141 legentis‚pympi
1336 1067 1362 1121 ll

330 1148 419 1217 ignes,
442 1164 522 1217 quam
539 1144 654 1198 adamas.
675 1146 741 1216 Igne
756 1158 845 1199 tamen
928 1154 954 1211 4.
978 1147 1065 1200 Indici.
1093 1148 1273 1201 Carbunculus
1286 1146 1372 1199 indicas

327 1227 392 1280 solis
402 1227 437 1278 ita
452 1238 634 1289 tenerescunt,
643 1235 673 1276 ut
686 1226 719 1277 iis
728 1226 845 1297 sigillum
888 1223 1022 1297 plerisque
1029 1224 1137 1280 ridetur
1145 1246 1216 1292 esse,
1225 1228 1376 1279 lendisariea·

329 1306 448 1377 imprimi
472 1302 570 1375 possit,
594 1315 659 1357 teste
683 1306 845 1375 experientia
888 1306 934 1369 tal,
945 1324 1000 1377 quo
1010 1306 1079 1359 nihil
1089 1308 1168 1359 norit
1177 1307 1269 1359 Oriens
1278 1319 1377 1377 prestan-

329 1384 471 1438 Florentiae
488 1383 563 1435 iacta.
580 1382 673 1447 Quum
692 1384 763 1437 enirn
786 1402 845 1437 car·
888 1385 1008 1438 tius:ibi
1018 1384 1153 1438 adamanti
1168 1382 1375 1457 anteponenda

328 1464 460 1517 bunculus
470 1462 508 1513 ibi
522 1481 568 1531 per
580 1460 754 1533 quadraginta
765 1463 843 1534 quin·
888 1462 917 1515 id
932 1476 1022 1516 autem
1037 1482 1205 1534 gemmarum
1222 1484 1299 1536 genus
1311 1462 1375 1535 perti·

328 1563 382 1615 que
397 1544 500 1595 minuta
521 1542 609 1612 prinis
628 1544 771 1612 temporis,
786 1563 844 1616 que·
888 1556 942 1604 net,
955 1540 1030 1615 quud
1040 1562 1167 1597 vocamus
1176 1546 1264 1607 telesia,
1275 1544 1374 1596 arada

329 1626 461 1693 rante-ainq
470 1625 584 1687 minares,
595 1622 655 1673 loco
665 1623 766 1691 speculi
778 1636 846 1675 usto-
888 1622 930 1677 Cl'.
946 1636 1003 1675 not.
1018 1640 1072 1693 aeq.
1091 1624 1146 1677 En.

327 1704 362 1755 rii
376 1702 468 1755 luisset
480 1699 633 1771 expositus,
649 1698 683 1751 ita
698 1711 774 1753 tener
783 1702 845 1766 fait,
929 1703 956 1754 ⁵.
991 1702 1171 1755 Garamantici.
1204 1702 1378 1769 Garamanticus,

327 1764 359 1834 bt
370 1782 396 1835 ei
410 1782 567 1850 impressum
580 1780 613 1831 sit
625 1778 741 1848 sigillum
755 1798 790 1832 ex
806 1779 845 1833 ia·
887 1781 1079 1843 carbunculus,
1096 1783 1118 1831 le
1135 1796 1232 1851 grenat.
1247 1782 1375 1835 Carbuncu-

328 1860 414 1932 spide.
434 1862 472 1912 At
492 1858 612 1910 vi-illius
632 1858 701 1928 ignis
721 1858 791 1911 nibil
810 1858 844 1912 de
888 1861 943 1912 lum
972 1852 1179 1927 (Pescarboaele)
1203 1864 1318 1914 Veterum
1342 1858 1373 1910 Cl

328 1939 449 2011 pondere
467 1938 612 2008 formaque
628 1938 716 1990 amisit
731 1939 846 1993 carbun·
888 1938 1002 2003 ttittiua,
1016 1955 1065 1991 nec
1080 1941 1139 1993 sine
1153 1942 1265 2005 ratione,
1278 1954 1304 1993 ut
1315 1938 1373 1991 ride·

328 2020 412 2073 culus.
427 2020 512 2071 Baua.
887 2030 943 2083 tur,
953 2017 1023 2070 idem
1032 2018 1375 2089 opinabaturessecunrgera·

371 2099 397 2152 3.
423 2098 532 2166 Aminei
556 2098 640 2147 uocati
667 2085 720 2163 (sic
743 2092 842 2167 prius).
886 2116 1015 2168 niaquarn
1023 2099 1372 2171 nostratesgrenatappellant;

329 2180 393 2248 Lag,
412 2203 423 2224 ι
439 2172 547 2228 abida
564 2173 724 2246 quibusdam
745 2174 843 2246 pyropi
887 2188 914 2229 et
928 2179 1003 2249 cujus
1018 2178 1134 2249 plurima
1153 2196 1249 2249 genera
1268 2176 1374 2230 senuna·

329 2257 416 2310 vocati
431 2281 455 2308 ι.
471 2255 531 2307 Νοιι
546 2252 613 2306 dicit
626 2266 752 2326 apyrotos
764 2248 844 2308 voca·
886 2274 929 2308 rea
946 2256 1042 2309 iecere.
1060 2256 1157 2310 Noster
1169 2276 1265 2329 nempe
1282 2258 1373 2309 aurbun·

329 2348 371 2389 tos
388 2333 461 2407 quod
480 2334 555 2403 ignes
575 2352 631 2385 non
651 2333 781 2397 sentiant,
798 2332 844 2386 sed
886 2334 960 2388 aulos
975 2333 1043 2388 dicit
1057 2336 1091 2387 ab
1110 2336 1214 2407 ignium
1227 2334 1374 2391 similitudine

329 2432 449 2485 pyropos
470 2413 504 2465 ab
524 2412 626 2483 ignium
645 2411 841 2465 similitudine:
886 2414 1044 2485 appellatos,
1076 2415 1227 2486 liquidioris
1245 2415 1373 2485 nigriorisre

328 2494 496 2555 carbunculi,
519 2492 652 2563 inquit‚a
668 2491 844 2546 similitudine
887 2492 1018 2558 flammas,
1038 2495 1266 2566 amethystiaoutas
1283 2494 1374 2566 optimas

328 2575 431 2646 ignium
443 2572 547 2635 vorati,
566 2589 648 2642 quum
667 2583 755 2626 umen
771 2573 843 2644 ἰςιιει
887 2563 1074 2639 esse,1ndiea's
1085 2573 1112 2626 iu
1122 2578 1229 2631 sextarii
1237 2576 1308 2629 uniar
1317 2591 1373 2625 mea-

328 2673 383 2707 non
395 2651 561 2706 sentiaattol
572 2651 600 2703 id
606 2690 614 2716 ,
626 2649 656 2704 id
670 2663 723 2716 est,
737 2653 843 2704 obeam
886 2671 973 2706 suram
985 2654 1087 2720 aaran,
1096 2667 1147 2707 ete.
1159 2675 1220 2726 quae
1229 2655 1372 2708 omniarerte

328 2733 431 2805 ignium
440 2729 640 2784 similitudinem
653 2730 844 2802 pyropiaqui·
885 2729 920 2783 ad
935 2730 963 2785 id
981 2751 1063 2802 genus
1083 2727 1192 2801 (grenat)
1213 2735 1331 2805 pertinere
1343 2731 1373 2782 ri·

328 2811 440 2867 busdam
461 2811 563 2868 vocati,
589 2808 618 2861 id
645 2821 697 2873 est,
720 2812 840 2879 aupurrai.
886 2809 984 2863 dentur
1003 2813 1099 2882 magis,
1113 2831 1194 2884 quam
1209 2814 1243 2868 ad
1259 2811 1372 2883 quidpiam

328 2893 465 2960 Saun-
479 2889 519 2941 Ob
538 2888 567 2940 id
582 2908 598 2939 a
619 2887 774 2958 quidusdam,
789 2901 839 2943 etc.
885 2890 967 2943 aliud.
990 2891 1088 2944 Forsan
1113 2905 1139 2944 et
1161 2891 1263 2946 diuersa
1280 2909 1370 2962 genera·

327 2968 505 3032 ssahandans,
527 2967 575 3019 lib.
598 2965 632 3018 de
654 2967 750 3038 Lapid.
772 2981 841 3037 pret.
884 2966 949 3022 dum
959 2983 1203 3040 garamannum,
1217 2973 1304 3026 utiere
1312 2970 1371 3030 salet,

327 3071 385 3124 cap.
400 3069 451 3103 to:
468 3071 480 3094 a
495 3044 750 3116 Ardentesgernmas
763 3065 843 3117 supe·
885 3050 1090 3113 transcriberet,
1129 3051 1233 3104 Plinius
1258 3070 1304 3104 nun
1323 3047 1370 3102 sads

327 3143 368 3184 rat
377 3125 556 3183 carbunculus
565 3143 657 3177 omnes
669 3143 678 3178 a
689 3125 757 3178 Nam
769 3126 842 3180 velut
885 3129 954 3181 bene
967 3124 1098 3182 distinxit.
1106 3129 1158 3181 En.

327 3210 428 3278 ignitus
437 3205 527 3258 radios
540 3205 605 3275 jacit
617 3203 741 3275 undique
752 3205 842 3274 carbo,
933 3213 959 3260 6,
992 3207 1179 3262 carcasona.
1199 3211 1368 3281 Tbeopbrastus

327 3287 450 3342 Nominis
466 3282 537 3338 ande
551 3283 590 3336 sui
605 3300 710 3336 cauum
730 3285 840 3338 traxisse
883 3287 939 3356 erpi
952 3285 1021 3338 titur
1037 3287 1127 3340 alierri
1140 3290 1368 3359 praeaanrtaiaasr

327 3366 441 3421 videtur,
455 3390 466 3411 .
481 3363 612 3434 Epiphan.
622 3361 656 3414 de
668 3381 710 3416 xrr
720 3365 839 3432 gemmis,
884 3365 1042 3436 Carthagine
1061 3381 1087 3419 et
1098 3367 1214 3421 Massilia
1226 3367 1307 3422 tradit.
1317 3369 1367 3418 [ln.

326 3465 388 3518 pag.
405 3463 461 3514 ²²7
475 3463 481 3494 :
495 3445 564 3504 dilue
580 3442 685 3512 ἄνθραξ,
695 3456 746 3495 etc.
759 3444 840 3496 Η.-
884 3461 924 3485 -“-
933 3445 1116 3498 Carchedonius.
1130 3447 1368 3518 ACanbaginaqut

328 3526 526 3581 Aeaustiaocati.
537 3512 840 3586 dxaueas,inusti,ustiu·
884 3523 982 3577 Gracia
995 3521 1147 3594 Kapzndais.
1155 3527 1318 3597 Theophrast
1329 3526 1366 3574 tae

326 3624 389 3660 nean
399 3623 454 3656 non
471 3600 584 3672 experti.
601 3599 678 3652 Prius
694 3601 839 3672 legebatur,
883 3603 929 3656 eit.
943 3621 1002 3674 pag.
1021 3611 1054 3667 4,
1068 3605 1158 3674 ἄγιται
1179 3609 1207 3659 iz
1227 3600 1366 3674 amitina

326 3688 422 3758 apqrati
447 3684 538 3733 vocati.
565 3679 714 3732 Parmensis
742 3680 839 3746 editio,
883 3680 955 3735 Vide
965 3683 1075 3736 inferius
1086 3703 1145 3754 cap.
1160 3683 1366 3755 anappum

326 3775 454 3838 apyrrutoe.
476 3759 592 3829 Antiqua
616 3757 741 3811 codicum
767 3774 841 3814 rete·
883 3761 991 3815 luerit.
1009 3763 1107 3816 Pisas-ai
1116 3764 1182 3817 dila
1199 3760 1365 3834 ttapzala'arit

326 3865 386 3898 ram
412 3841 505 3902 lectio,
531 3839 591 3908 ipso
615 3837 734 3891 Barbam
758 3851 838 3904 teste,
883 3835 1166 3913 Arssinwlrtedppsxri
1176 3842 1366 3897 mirarere

325 3927 432 3976 narrasti:
441 3937 490 3972 nus
499 3921 604 3977 accain,
617 3917 721 3978 ἅιιωςοι
735 3919 840 3990 scripsi·
882 3920 958 3984 nius,
967 3920 995 3973 in
1008 3921 1094 3994 Satyr.
1107 3941 1135 3994 p.
1151 3941 1203 3992 ²07
1215 3943 1220 3973 :
1232 3947 1242 3968 ι
1253 3918 1364 3984 Quaere

326 4022 392 4060 inas,
399 3997 712 4068 Theophrastoauctore,
724 3998 773 4051 lib.
783 3999 838 4069 περὶ
882 3997 1027 4053 cbedonius
1046 4013 1121 4072 optas
1136 4002 1210 4072 ignes
1224 3997 1360 4070 tapideat·

323 4085 409 4144 attat,
430 4095 488 4150 pag.
509 4083 549 4139 i:
572 4067 681 4138 dissutas
696 4078 772 4144 tiae,
786 4089 836 4131 etc.
886 4079 974 4132 Haan.
1334 4089 1338 4097 '
