2950 5000
208 489 261 558 DE
282 489 382 556 AERE
406 489 465 556 ET
489 488 594 556 EIUS
619 489 949 558 RECREMENTIS.
1040 485 1110 583 259

90 602 261 673 imment,
268 607 418 679 iterumque
425 607 556 678 liquatum
566 617 594 660 et
602 625 638 660 ns
648 607 752 678 nigrum
763 607 862 678 probet
871 624 878 658 :
888 605 983 660 deiude
992 606 1111 660 torresrdi

60 749 66 762 ,
90 691 142 747 vioet
151 692 231 747 iteum
240 709 297 748 ueto
307 693 429 748 sustinet.
441 695 518 748 Tune
528 693 638 766 quidem
649 713 684 747 us
693 695 729 747 ab
738 694 815 747 omui
828 693 956 766 sulphure
969 706 1110 766 purgatum

87 778 171 844 ett;ted
180 795 302 854 srpmtum
311 784 444 848 eontinet,
453 781 527 853 quod
537 781 574 834 sic
583 782 735 834 extrahitur.

111 868 306 942 driugeutifero
321 882 437 942 quatuor
450 870 558 923 nimiter
572 870 677 941 plumbi
688 883 774 940 partes
785 868 974 934 admiscentur,
986 869 1046 942 plus
1061 870 1112 922 mi-

86 971 158 1018 nusve.
166 971 232 1029 pout
242 961 379 1030 plumbum
390 958 465 1031 quod
476 958 620 1012 adhibetur
629 960 723 1031 purius
732 973 782 1023 est,
791 959 831 1012 vel
843 961 944 1030 argenti
954 961 1035 1013 ferax.
1046 960 1111 1014 llaec

83 1041 330 1100 'utensomloresimul
343 1048 489 1120 liquantur,
505 1059 532 1100 et
541 1047 570 1100 in
584 1048 681 1100 formes
698 1046 877 1114 effunduntur
890 1047 923 1100 ad
936 1065 1016 1119 panes
1025 1047 1112 1100 confi·

83 1129 174 1184 dedus.
182 1132 260 1187 Panes
271 1135 401 1188 metelliei
413 1137 441 1188 iu
451 1137 562 1188 fornace
573 1135 732 1206 separatoria
741 1135 847 1188 duobus
859 1133 992 1206 lapidibus
1000 1133 1114 1188 dimidio

80 1210 167 1284 digitos
180 1217 328 1272 ariadnem
342 1219 470 1290 sejunctis
483 1218 671 1289 imponuntur,
687 1229 713 1269 et
726 1217 937 1289 superimpositis
951 1217 1114 1270 carbonibus

80 1299 242 1369 isuadiooei
251 1304 421 1371 candefiuut3
435 1307 471 1360 ita
485 1319 515 1359 ut
524 1306 665 1377 plumbum
678 1321 789 1378 argento
799 1306 979 1360 consociatum
988 1305 1114 1378 collique-

80 1397 181 1454 unser
189 1411 237 1445 ure
245 1393 272 1444 ia
282 1393 400 1446 caunum
411 1394 560 1464 subjectum
571 1391 684 1455 defluat,
699 1411 750 1445 ore
761 1404 864 1446 tantum
876 1393 903 1445 in
913 1393 1021 1447 fornace
1032 1411 1117 1447 rems·

78 1488 150 1540 uu,
158 1497 207 1532 nou
217 1480 329 1552 liquato,
347 1479 395 1534 sed
412 1481 582 1552 spongiosam
594 1497 706 1534 mamm
716 1480 857 1534 referente.
870 1484 947 1536 AEres
961 1479 1017 1534 hsro
1028 1499 1113 1534 massa

75 1575 160 1634 ’μω
169 1585 266 1630 earm,
274 1587 313 1621 ns
324 1585 429 1638 paupm·
440 1565 555 1619 dieitur-s
570 1577 597 1619 et
610 1567 773 1638 excoquitur
784 1585 817 1622 ae
830 1566 964 1632 itenditur,
972 1567 1066 1620 'doneo
1080 1585 1116 1622 ms

75 1653 250 1720 &tunimo
261 1658 356 1711 usibus
366 1669 461 1729 aptum
471 1656 528 1708 fiae
655 1705 659 1711 .

99 1739 176 1796 lioeiu
185 1745 274 1798 ultimo
282 1745 376 1798 labore
385 1744 478 1797 scorias
487 1743 607 1816 quodam
616 1744 702 1797 instar
710 1743 862 1818 lithargyri
870 1765 899 1799 se
910 1743 1028 1818 produnt
1033 1739 1113 1808 ‚lem

71 1829 170 1897 ugente,
178 1832 341 1903 plumboque
348 1831 462 1902 gravido
470 1852 479 1895 3
488 1848 549 1902 quas
559 1829 677 1896 deinde,
690 1829 808 1886 admixto
816 1833 985 1905 lithargyro,
996 1833 1117 1888 fundun-

72 1916 309 1972 taradmetsllorum
321 1921 514 1998 separationem
524 1918 727 1990 perficiendam.
777 1941 782 1954 ·

97 2007 134 2056 AEs
148 2021 249 2079 psopter
266 2026 401 2061 summam
419 2005 595 2060 ductilitatem
614 2018 640 2060 et
657 2007 774 2065 nitorem
789 2009 977 2081 frequentioris
994 2021 1033 2064 est
1053 2029 1117 2065 usus
1154 2041 1156 2045 v

70 2087 191 2146 bonici.
200 2097 302 2148 Verum
313 2093 348 2147 ad
357 2113 438 2147 nsum
448 2093 583 2147 medicum
597 2094 730 2151 mriuime
740 2093 891 2160 adhibetur,
900 2096 991 2150 saltem
1004 2095 1117 2152 interne.
1208 2130 1211 2138 ·

69 2175 137 2233 llonte
148 2182 214 2235 euim
227 2183 369 2238 metallum
385 2181 455 2234 iuter
464 2199 565 2234 venena
575 2194 736 2248 recensetur,
750 2184 899 2254 presertim
910 2203 1007 2255 erugo.
1021 2183 1117 2238 Ednlia

69 2267 137 2331 tuin,
152 2270 191 2323 sel
209 2271 289 2324 etiam
313 2289 381 2342 aquo
400 2269 554 2341 aliquandiu
575 2271 602 2322 in
621 2271 726 2342 cupreis
745 2270 816 2324 vasis
833 2284 949 2334 servata,
970 2269 1116 2326 admodum

67 2356 129 2410 totis
138 2357 251 2412 eradunt
259 2357 416 2410 Ventriculi
425 2369 451 2409 et
459 2357 646 2410 intestinorum
659 2355 766 2412 dolores
779 2371 806 2411 et
817 2359 932 2412 tormina
942 2399 949 2424 ,
958 2359 1117 2413 vomitiones

66 2460 175 2509 nomes,
182 2447 334 2519 trequentes
344 2455 370 2499 et
378 2445 471 2496 inanes
479 2441 620 2517 dejiciendi
631 2443 943 2507 conatus‚intestinorum
955 2447 1113 2502 exhulcero-

65 2531 145 2597 fimes,
164 2535 299 2588 interdum
318 2532 454 2585 anhelitus
474 2530 674 2596 difficultatem,
692 2546 718 2586 et
737 2534 916 2607 spasmodicas
934 2537 1114 2590 membrorum

65 2624 252 2686 oeubauiooes,
264 2642 298 2676 ac
310 2620 387 2674 triste
397 2619 508 2684 lethum,
516 2639 567 2693 pro
577 2619 672 2693 majori
678 2620 721 2675 vel
732 2620 828 2673 minori
838 2621 917 2696 hujus
926 2624 1019 2677 veneni
1029 2643 1115 2697 quan-

63 2706 298 2781 tiumpmdueunt.
941 2700 948 2710 ⁶

89 2796 215 2863 Quum,
230 2798 302 2871 anisy
317 2810 344 2850 et
355 2816 418 2869 sory
429 2814 539 2869 eorpora
549 2796 646 2849 fossilis
658 2808 719 2849 sunt
729 2795 799 2849 inter
813 2816 842 2850 se
852 2798 954 2871 origine
967 2812 996 2851 et
1013 2798 1114 2852 viribus

60 2886 272 2957 mujuuetissima‚
282 2902 345 2958 que
355 2884 522 2954 potissimum
534 2886 562 2935 iu
572 2883 680 2955 Cypriis
693 2884 839 2937 tesifodinis
851 2886 878 2937 in
892 2886 1027 2939 montibus
1039 2887 1115 2941 soto-

61 2986 108 3023 m
116 2974 324 3043 repoeiehuntur.
339 2971 474 3035 Galerium
487 2971 532 3023 lib.
548 2975 581 3023 de
591 2974 741 3040 Simplicium
758 2976 1114 3042 Medicamentornmsaeulto·

59 3058 121 3122 ssu,
130 3074 217 3115 uruat
230 3078 260 3115 se
272 3059 320 3113 his
331 3060 362 3112 in
371 3058 469 3112 fodinis
482 3058 582 3113 uidisse
595 3060 724 3131 quasdam
742 3060 771 3111 in
787 3060 966 3131 longissimum
978 3074 1115 3133 porrectas

56 3146 127 3199 veluti
138 3167 233 3212 sonas,
247 3149 319 3201 alias
335 3165 415 3219 super
432 3146 496 3199 alias
508 3164 622 3201 numero
641 3158 694 3201 tres
710 3166 843 3220 :quarum
858 3149 949 3201 infima
963 3160 1021 3201 erat
1032 3150 1115 3221 ipsius

57 3249 133 3307 myos
140 3273 148 3300 ‚
156 3254 333 3309 superquam
346 3236 428 3288 alters
437 3248 496 3289 erat
505 3234 664 3301 chalciteos,
674 3254 797 3307 suprema
807 3236 914 3309 misyos.
1000 3274 1003 3281 .

84 3321 199 3378 batere·
210 3325 287 3379 idem
297 3322 419 3376 Galenus
431 3326 553 3376 observat
560 3322 684 3375 chalcitin
694 3342 744 3394 per
755 3335 859 3395 tempus
868 3324 895 3375 in
908 3324 976 3398 misy
987 3336 1117 3379 transmu-

57 3408 105 3463 ltri.
117 3410 239 3466 l'mstum
251 3411 329 3465 euim
344 3410 506 3473 chalciteos‚
516 3408 590 3481 qnod
603 3410 661 3481 ipse
673 3410 701 3461 iu
719 3410 825 3482 Cypriis
841 3410 941 3464 fodinis
955 3412 1115 3485 collegerat,

56 3500 305 3563 minuendus
314 3496 420 3569 triginta
430 3496 459 3549 iu
469 3496 538 3570 misy
546 3497 636 3568 quoad
646 3496 774 3549 extimam
782 3498 949 3569 superficiem
959 3488 1115 3553 conversum

56 3582 149 3649 tepuit,
166 3582 234 3637 dum
251 3579 333 3655 quod
348 3581 376 3633 in
399 3580 488 3633 medio
505 3593 577 3644 erat,
600 3580 716 3651 perfecta
734 3592 793 3634 erat
810 3580 928 3635 chalcitis
948 3583 1116 3637 uullamdum

55 3666 217 3725 &minuent
229 3680 354 3743 experte.
365 3669 401 3719 At
412 3686 475 3721 vero
487 3686 520 3721 ex
534 3668 586 3719 levi
603 3665 721 3738 quadam
736 3668 883 3721 mutatione
902 3686 982 3740 quam
1001 3670 1029 3724 in
1044 3692 1118 3745 sory,

54 3756 115 3825 pud
130 3758 164 3812 ah
179 3758 280 3813 eodem
299 3769 421 3826 tempore
438 3755 577 3818 servabat,
598 3754 775 3825 deprehendit
795 3755 823 3809 id
845 3756 931 3827 ipsum
951 3758 1019 3811 forte
1033 3759 1116 3830 longo

54 3846 195 3914 ttupnsein
205 3841 342 3899 ebsleitin
355 3841 452 3895 mutari
466 3858 543 3912 posse
554 3840 710 3911 suspicatur.

82 3932 149 3999 (flue
159 3934 295 3987 hacteuus
310 3929 476 3991 Gennesar,
490 3929 581 3981 Treot.
596 3926 631 3981 de
642 3928 709 3983 idat.
721 3929 792 3983 med.
802 3940 867 3983 tom.
877 3931 906 3993 1;
928 3928 961 3983 de
974 3930 1117 3985 chalcitide

54 4036 120 4086 seo,
134 4024 191 4077 nisi
200 4020 310 4084 etsori‚
323 4018 362 4071 sio
374 4016 466 4071 talium
480 4035 570 4071 rernm
579 4016 621 4069 vir
628 4014 701 4071 inter
708 4036 807 4088 paucos
820 4018 1007 4089 peritissimus,
1016 4032 1119 4075 nostras

54 4102 232 4173 Mantuam,
241 4110 354 4162 nezem
364 4108 407 4157 des
418 4109 528 4179 &iem
542 4110 694 4177 malles.)

964 4210 1023 4296 17²
