2950 5000
323 351 392 440 432
598 349 635 418 u.
663 347 832 420 amun
857 347 965 418 Nar.
990 347 1121 418 rusa.

289 508 305 560 3
324 485 482 582 proxime
494 506 593 579 rupes
604 495 779 581 cavantur,
790 495 827 550 ut
839 481 974 551 bibatur
982 465 1115 578 glacie⁵.
1124 482 1243 550 Secum
1254 481 1376 574 quisque

324 595 466 689 cogitet,
487 614 589 685 quum
608 589 714 685 pretia
734 588 858 657 horum
877 588 1007 675 audiat,
1028 611 1133 682 qnnrn
1150 587 1228 655 vehi
1244 588 1377 681 trahique

252 749 259 763 .
325 698 430 768 moles
443 697 570 784 videat,
583 717 683 790 quarn
696 696 767 765 sine
779 695 832 764 his
841 693 1026 764 multorum
1040 694 1142 763 suerit
1152 678 1377 762 bmtior⁶ritaz

327 807 389 875 ista
398 802 536 889 facere⁷,
547 802 845 896 immoveriuspati
852 799 1021 882 mortales,
1029 825 1114 895 quos
1125 800 1171 870 ob
1181 821 1379 892 usus,quasre

328 911 371 980 ad
382 909 570 1004 voluptates
587 908 682 994 alias,
694 909 757 977 nisi
769 923 808 978 ut
821 908 907 977 inter
917 905 1064 978 maculas
1074 904 1223 1002 lapidum
1233 890 1381 999 janeantl

329 1043 392 1088 ceu
411 1041 492 1086 vero
508 1039 577 1084 non
595 1014 741 1083 tenebris
759 1013 907 1084 noctium
928 1013 1073 1083 dimidiae
1091 1014 1181 1108 parti
1197 1014 1270 1083 vitae
1287 1010 1381 1104 cujus·

329 1149 394 1219 que
413 1121 533 1220 gaudia
553 1121 623 1191 haec
643 1119 879 1190 auferentibus.

382 1233 426 1298 ll.
449 1230 572 1324 Ingens
593 1227 656 1297 ista
673 1240 884 1322 reputantem
907 1225 997 1295 subit
1010 1228 1110 1294 etiam
1124 1225 1324 1320 antiquitatis
1338 1246 1383 1290 ru-

329 1339 400 1407 bor.
420 1339 560 1406 Exstant
577 1331 585 1357 ¹
609 1334 769 1405 censoriae
790 1332 899 1430 leges,
916 1330 1050 1427 glandia
1075 1333 1110 1400 in
1134 1327 1268 1419 coenis¹,
1283 1329 1382 1424 glires·

329 1529 471 1584 cia-Lib.
485 1527 561 1593 XIV,
572 1526 779 1597 capraram
790 1543 846 1581 rna·
928 1544 956 1596 7.
969 1527 1017 1579 Ad
1028 1545 1145 1598 quamque
1156 1527 1280 1579 nuum
1290 1530 1384 1576 mna

329 1611 370 1664 ria
383 1608 443 1680 plus
456 1619 583 1661 temerata
600 1607 721 1659 conferre
742 1624 845 1660 merca·
887 1626 979 1658 necasse
1001 1604 1049 1657 ista
1057 1601 1144 1672 saneta
1167 1597 1225 1673 (sie
1248 1597 1382 1676 priualla

331 1689 398 1753 tori,
413 1706 468 1741 non
489 1687 516 1740 in
532 1685 659 1740 Rubrum
680 1685 755 1738 littus
767 1685 845 1738 Indi·
887 1685 987 1756 acripto
1001 1684 1107 1750 codiee,
1120 1702 1185 1738 anm
1195 1687 1295 1756 majore
1303 1685 1384 1744 littera.

331 1787 427 1822 eumve
440 1784 541 1819 merces
551 1765 655 1838 petitas.
666 1791 678 1812 ι
691 1764 726 1817 Et
734 1766 787 1818 boa
796 1765 844 1820 lib.
887 1767 941 1818 tua
944 1765 1154 1838 sanare,reliqua
1161 1766 1252 1819 omnia
1264 1765 1292 1817 in
1301 1782 1383 1817 ennaa

333 1846 471 1912 XXXVI,
482 1864 540 1917 cap.
551 1849 583 1896 6:
596 1869 608 1892 a
620 1845 689 1899 Nam
700 1843 729 1897 id
738 1861 846 1916 quoque
887 1845 1037 1909 habentur,
1052 1857 1083 1898 ut
1104 1844 1228 1898 rideatur
1246 1843 1383 1897 exalanntia

220 1965 224 1976 .
333 1927 455 1988 accessit,
471 1937 503 1978 ut
512 1923 547 1978 ad
557 1923 696 1996 AEtlriopas
708 1941 793 1996 usque
802 1942 848 1996 pe·
889 1942 922 1978 ex
934 1925 1052 1996 abrupto
1066 1923 1178 1977 nimiam
1195 1925 1232 1978 ob
1243 1922 1383 1994 indignatio·

334 2018 455 2071 teretur,
473 2003 548 2076 quod
572 2005 669 2058 faceret
690 2021 846 2058 marmora:
890 2021 961 2056 nem.
983 2004 1064 2056 Pura.
1075 2032 1116 2045 -
1125 2003 1201 2057 Brotss
1215 2023 1251 2058 ex
1262 2005 1322 2074 flag.
1334 1999 1382 2055 aad

335 2087 418 2139 immo
432 2102 497 2139 vero
517 2084 597 2136 etiam
617 2083 646 2137 in
664 2082 763 2143 Indos,
774 2082 848 2136 unde
892 2083 949 2136 tea
961 2081 1025 2136 edit.
1038 2089 1127 2154 princ.
1142 2085 1180 2136 aad
1188 2104 1260 2156 qaaan
1277 2084 1384 2136 nabar-

334 2165 629 2237 margaritasquoque,
645 2175 720 2217 ete.»
743 2162 788 2216 Sic
800 2182 848 2216 au·
890 2182 957 2215 aenea
975 2166 1008 2215 aa't
1033 2182 1125 2216 aeaeae
1147 2165 1316 2230 restituit;et
1334 2180 1384 2215 mar

334 2258 388 2299 tam
398 2242 848 2315 nostri,praasertimoptimua;non
891 2246 939 2294 tnta
962 2240 1054 2297 delet:
1076 2256 1178 2312 puncto
1202 2244 1267 2298 item
1291 2243 1384 2315 paatr'a

334 2321 550 2378 secanavideaur
556 2334 643 2375 autem
655 2319 828 2376 scribendum
840 2334 846 2376 ἐ
891 2324 1004 2375 morula
1017 2323 1116 2392 posito.
1135 2324 1188 2379 En.

335 2405 401 2478 quod
412 2405 530 2456 laceraret
548 2421 674 2456 marmora.
698 2401 792 2456 Guoa.
808 2433 848 2444 -
932 2404 960 2457 8.
980 2402 1092 2456 lamae.
1113 2401 1238 2468 Cubeut,
1258 2403 1384 2456 dnam'nat·

338 2485 390 2537 Vas
402 2484 501 2555 patitur.
512 2481 650 2548 Quaeritur
664 2500 709 2535 ras
717 2481 849 2555 crystalli·
891 2500 944 2554 qne
961 2504 968 2534 ι
987 2479 1099 2555 perinde
1119 2483 1195 2555 quasi
1215 2504 1274 2538 nnn
1286 2481 1385 2537 detrabat

336 2584 416 2627 num,
433 2563 461 2616 in
476 2562 607 2615 montium
622 2562 706 2633 jugia,
722 2573 782 2634 qun
798 2582 849 2616 nu·
891 2563 949 2615 baec
958 2562 1054 2633 gaudia
1063 2582 1118 2617 nox
1128 2562 1250 2618 dimidiu
1263 2563 1326 2635 parti
1335 2562 1383 2613 rita

336 2644 390 2698 bila
405 2643 574 2714 contingunt.
585 2642 678 2695 Bran.
860 2665 863 2669 ·
892 2643 1344 2716 nninaeujnaqnenoatmm.llaan.

379 2724 406 2777 5.
420 2721 516 2776 Glaca'e.
533 2720 602 2775 Nana
625 2720 778 2793 crystallum
793 2722 849 2793 gla·
931 2722 968 2777 II.
998 2742 1023 2777 ι.
1053 2724 1162 2775 Exstant
1191 2731 1305 2777 caesone
1328 2725 1383 2791 lega.

336 2800 848 2857 ciemcoueretammultorumannorum
890 2802 952 2855 Jam
973 2820 1054 2874 supra
1073 2801 1191 2858 laudatar
1207 2802 1384 2869 Ptini0,v111.

336 2883 422 2954 spatio
437 2894 465 2935 et
484 2880 641 2934 sucularum
656 2898 713 2933 aevo
732 2879 850 2935 eredidit
893 2884 940 2936 82.
957 2882 1050 2935 Hann.

337 2962 451 3017 Plinius.
465 2961 566 3014 Danaa.
935 2980 961 3014 a.
986 2960 1098 3015 Glaada'a
1117 2966 1143 3015 r'aa
1164 2964 1248 3016 mis.
1263 2959 1384 3019 Glandimr

378 3046 405 3097 6.
421 3040 510 3093 Sedet
524 3060 595 3113 quam
609 3040 709 3093 aineln's
722 3042 850 3093 maltorum
891 3040 1042 3095 Priscianus
1063 3052 1168 3114 partem
1188 3061 1249 3096 ease
1269 3041 1384 3096 iurene

333 3124 413 3189 suerit
426 3120 519 3173 beatior
530 3122 586 3171 vita
596 3110 763 3191 (sicprina).
777 3120 850 3174 uut-
892 3140 952 3175 rum
965 3134 1051 3190 putat.
1067 3122 1165 3175 Verius
1189 3121 1252 3189 alii,
1271 3120 1384 3176 tubania

339 3209 430 3263 torum,
445 3208 493 3253 τῶν
507 3206 617 3264 πολλῶν,
629 3200 710 3271 vulgi.
722 3200 850 3265 Quamvis
891 3219 986 3266 earne,
999 3218 1048 3254 eeu
1058 3199 1210 3273 glandulas,
1223 3197 1384 3274 praedm·

338 3281 473 3335 interdum
495 3278 669 3345 dubitabam,
693 3298 727 3333 an
756 3280 851 3333 suisset
891 3299 958 3351 apro
969 3280 1039 3334 cirea
1051 3282 1258 3348 nominamini
1267 3280 1384 3350 suntgba·
1405 3306 1409 3311 v

339 3374 471 3425 mutarunt,
485 3376 583 3431 nempe
598 3360 782 3413 animantium.
797 3360 850 3413 Ista
893 3358 971 3413 duta.
992 3360 1056 3414 Haec
1076 3361 1149 3414 enim
1169 3362 1254 3431 bujna
1273 3361 1338 3415 raab
1351 3374 1385 3409 tt·

334 3442 434 3510 sacam,
450 3438 493 3493 rel
518 3452 548 3493 nt
571 3442 653 3491 aerius
676 3436 764 3491 dicam
775 3480 784 3504 ,
795 3443 852 3509 pati
893 3440 982 3511 ceptio
992 3454 1033 3493 eat
1041 3439 1115 3512 apud
1125 3441 1258 3508 Plinium,
1268 3441 1339 3503 xvl,
1348 3434 1382 3506 73·

339 3520 440 3575 scilieet
454 3517 535 3571 etiam
557 3521 662 3588 cogitet,
681 3519 787 3571 nullum
801 3518 851 3573 bn·
893 3521 979 3574 Plane
993 3518 1022 3573 iu
1032 3520 1109 3590 Capt.
1117 3532 1166 3574 ant.
1176 3522 1228 3587 IV,
1242 3541 1281 3575 sa.
1293 3526 1338 3584 lu
1346 3512 1385 3569 dd·

339 3618 405 3655 uum
419 3599 455 3651 ob
468 3614 560 3662 usum,
574 3596 620 3651 sed
634 3610 664 3650 ut
677 3598 748 3651 inter
763 3616 853 3652 macu-
894 3599 1005 3654 veniens
1016 3598 1170 3654 deturbavit
1179 3613 1272 3654 totum
1278 3617 1333 3654 eum
1341 3612 1384 3649 aar·

340 3678 379 3733 las
390 3678 497 3732 cubent.
512 3678 552 3729 De
565 3684 601 3746 τῷ
622 3680 703 3731 uerius
716 3676 776 3731 vide
793 3696 853 3750 qun
895 3698 931 3733 ne
945 3680 1114 3745 carnarium,
1129 3679 1259 3752 Arripuit
1275 3676 1382 3751 gladim.

340 3770 463 3813 notamus
470 3755 504 3809 ad
510 3755 582 3810 Livii
593 3756 640 3810 llll.
651 3758 727 3821 xx1,
734 3776 792 3827 cap.
806 3762 852 3824 ιδ,
895 3760 1083 3831 praetruncavit
1091 3755 1385 3833 nibuaterguribnsffbt·

341 3838 369 3890 in
383 3830 530 3891 Addendis.
551 3830 644 3891 Grion.
657 3870 697 3882 -
716 3838 851 3891 Multorum
894 3838 947 3893 dia.
961 3863 973 3886 ι
990 3840 1026 3891 Et
1036 3841 1066 3892 in
1079 3840 1192 3895 Cnrenl.
1208 3855 1259 3895 act.
1272 3840 1307 3895 11.
1319 3854 1348 3889 aa
1359 3852 1382 3894 ιι

341 3916 417 3971 llanc
431 3934 524 3971 vocem
540 3916 617 3972 Brot.
630 3935 663 3970 ex
676 3918 754 3973 Mss.
766 3919 851 3990 Regg.
894 3937 921 3974 r.
936 3923 973 3983 44
989 3935 998 3971 :
1014 3944 1027 3967 ι
1045 3920 1180 3985 Pernam,
1195 3920 1336 3979 abdnmam
1349 3929 1382 3965 n·

343 4016 371 4062 a,
385 3994 412 4063 3,
425 3996 456 4063 5,
466 4008 492 4050 et
503 3994 567 4051 edit.
577 3996 664 4069 priua.
675 3998 785 4052 omittit.
798 3999 851 4052 En.
895 4016 973 4065 men,
986 4000 1039 4053 suis
1051 3998 1203 4071 glandium.
1221 4028 1233 4051 ι
1250 4000 1331 4054 nnn.
