2950 5000
429 473 583 543 LIBER
606 474 795 545 XXXIII.
1099 476 1145 545 dr

97 620 153 677 mu.
176 606 340 703 Quidquid
361 630 434 677 uon
460 619 658 694 transmeat,
679 604 871 703 repetitur¹¹
892 608 926 676 in
957 606 1042 703 pila,
1067 607 1146 679 dein
1254 616 1255 619 ’

96 712 222 783 molitur.
241 713 352 784 Pulvis
372 737 508 807 semper
528 714 562 781 in
588 714 716 782 catinos
743 712 913 808 digeritur,
934 729 969 783 et
990 730 1146 785 exaucto

94 835 273 903 maceratur,
295 836 334 889 ut
355 821 466 889 omnis
486 819 609 888 duritia
631 818 780 889 solvatur
803 844 811 887 :
840 843 1013 891 accursus
1037 821 1145 890 tundi·

93 940 152 1012 tur,
166 926 237 995 dein
252 926 385 996 lavatur
400 928 433 994 in
454 923 634 1011 conchis¹',
651 928 872 1019 siccaturque.
889 929 985 996 Tunc
1005 928 1146 1022 tingitur

93 1030 220 1102 alumine
234 1034 376 1119 schisto,
393 1047 427 1102 et
441 1031 545 1101 herba
558 1056 660 1126 supra
673 1032 782 1119 dicta,
804 1033 1032 1127 mugitusque,
1050 1049 1145 1103 ante·

92 1161 178 1231 mam
190 1142 313 1234 pingat.
333 1138 451 1207 Refert
466 1164 565 1233 quam
577 1136 688 1208 bibula
704 1137 885 1232 docilisque
905 1138 954 1207 sit.
975 1140 1062 1207 Nam
1079 1142 1143 1210 nisi

92 1244 536 1338 rapuitcolorem,adduntuc
545 1259 717 1337 scytanum
731 1258 830 1339 atque
841 1232 1079 1339 turhystum¹³:
1096 1248 1143 1317 ita

93 1366 201 1419 vocent
216 1351 491 1421 medicamentum
512 1337 677 1420 sorbere¹⁴
695 1352 857 1445 cogentia.

135 1459 271 1526 XXVII.
287 1458 403 1546 Quum
416 1459 544 1527 tinxere
562 1458 721 1551 pictones,
736 1456 883 1527 orobitin
894 1456 1045 1543 vocant¹‚
1058 1458 1140 1552 ejus·
1162 1482 1174 1517 ¹

90 1585 146 1654 que
167 1562 232 1631 duo
253 1588 376 1657 genera
397 1562 524 1633 faciunt
545 1589 553 1633 :
577 1562 719 1647 luteam,
747 1588 820 1657 quac
841 1578 993 1631 servatur
1013 1562 1069 1632 in²
1098 1563 1143 1634 lo-

89 1684 222 1737 mentum
251 1696 261 1737 ε
292 1684 327 1738 et
351 1668 526 1764 liquidam,
556 1667 697 1763 globulis
728 1668 850 1737 sudore
875 1668 1036 1739 resolutis.
1060 1674 1144 1740 Haec

89 1786 212 1869 utraque
232 1800 355 1869 genera
373 1778 407 1851 in
426 1778 540 1870 Cypro
561 1774 655 1844 fiunt.
679 1761 944 1843 Laudatissima³
967 1777 1002 1843 in
1020 1778 1141 1845 Arme·

89 1879 148 1967 nia,
167 1882 310 1951 meunda
325 1884 361 1949 in
374 1882 588 1965 Macedonia,
612 1880 794 1975 largissima
811 1882 844 1949 in
863 1882 1030 1977 Hispania.
1049 1884 1143 1953 Sum·

89 1974 465 2073 m⁴c0mmendationis,
474 1987 620 2057 colorem
631 1989 665 2056 iu
678 1986 782 2057 herba
791 1989 908 2081 segetis
919 1987 991 2057 laete
1006 1990 1141 2058 virentis

123 2154 162 2191 11.
189 2140 323 2210 Repetitur.
350 2140 451 2193 Iterum
475 2138 503 2193 iu
528 2140 584 2209 pilu
670 2138 696 2193 3.
711 2138 897 2191 tuduinum.
915 2138 959 2193 Sic
974 2138 1094 2193 Dioscor.
1104 2141 1141 2207 V,

89 2216 201 2271 audiui.
213 2220 307 2274 ilino.
630 2225 705 2283 104,
726 2231 754 2271 et
772 2217 867 2271 Isidos.
885 2218 978 2290 Origg.
995 2220 1077 2286 xlx,
1094 2240 1140 2291 ¹7·

123 2316 161 2349 n.
174 2299 204 2350 Iu
215 2300 321 2351 meib.
334 2296 445 2351 Concha
459 2297 527 2351 vasis
538 2317 582 2370 ge-
626 2296 706 2349 Nunc
717 2297 746 2350 in
758 2296 909 2369 ilungaria,
923 2298 1064 2365 Bohemiu,
1077 2300 1141 2353 Sile-

88 2389 344 2439 mestcoucavuun,
365 2396 395 2430 ue
404 2378 529 2447 superius
538 2396 583 2449 pa·
625 2378 679 2441 nu,
689 2377 801 2443 Nisaia,
813 2377 931 2449 alibique
943 2378 1083 2433 effoditur.
1092 2380 1141 2433 Vi-

87 2454 161 2509 idum
182 2477 197 2512 a
217 2458 382 2512 concharum
407 2456 583 2512 similitudine
626 2454 795 2512 deMuseum
808 2459 921 2516 Worm.
932 2458 961 2524 1,
975 2464 1078 2531 3,cup.
1095 2476 1139 2516 ῐο.

87 2537 246 2592 minutum.
255 2539 324 2592 Ceto
334 2536 420 2590 delle
433 2537 508 2591 Ruet.
527 2537 560 2590 nd
573 2555 581 2590 ε
625 2537 718 2590 Huno.

89 2615 142 2669 «Iu
161 2618 251 2670 uellem
279 2616 407 2670 dariam
430 2615 488 2670 luaec
512 2635 583 2688 opus
670 2614 806 2680 &Samum
819 2617 1095 2684 commandationem,
1112 2631 1141 2672 ut

86 2707 156 2748 aut:
171 2696 381 2752 doliaoleauie...
396 2695 512 2749 couches
525 2715 581 2749 ma·
623 2697 726 2749 colom
750 2695 844 2760 herbe,
875 2709 925 2749 etc.
951 2689 1007 2764 (sic
1033 2689 1138 2768 prius).

86 2775 144 2840 jue
154 2774 231 2844 duee,
240 2789 269 2830 et
279 2777 397 2829 minores
405 2773 498 2828 dues.»
508 2776 583 2829 Infra
625 2777 705 2830 Ceret
715 2777 832 2846 optimus
841 2779 891 2838 τοῖς
902 2788 939 2826 est
947 2789 987 2843 ut,
997 2775 1060 2830 dein
1074 2796 1140 2849 pru-

87 2849 188 2921 lliaim,
201 2859 361 2923 Infamem
370 2856 483 2908 conedam
495 2867 581 2909 vocat.
624 2857 676 2909 lert
685 2856 764 2908 colun
774 2859 799 2908 iu
809 2855 891 2908 terta.
904 2855 989 2909 Serib.
1001 2858 1139 2912 «colorem

84 2931 215 2989 llum—
227 2937 344 3005 Pingitur
356 2935 460 2987 alunm
478 2937 582 3000 seito,
623 2934 653 2988 iu
666 2935 757 2988 herba.
771 2961 783 2982 ι
795 2935 890 2990 Noster
900 2935 947 2987 lib.
962 2937 1066 3002 XVIII,
1078 2955 1138 3008 cap.

84 3023 106 3062 tt
126 3015 195 3067 Inde
217 3035 292 3086 εφη
310 3016 387 3068 dieta.
403 3016 445 3067 De
463 3015 582 3068 alumine
627 3015 642 3070 5
665 3033 672 3067 :
694 3041 706 3064 ι
719 3015 865 3068 Frumenti
888 3015 976 3068 hieme
1000 3016 1028 3068 in
1055 3017 1139 3072 herba

42 3133 48 3141 .
82 3091 169 3147 ttltisto
193 3091 330 3157 (Alsietina
352 3095 471 3162 sulsutde,
492 3095 582 3160 sulfure
623 3107 698 3158 suut,
711 3112 793 3147 veruo
806 3107 925 3165 tempore
940 3095 1137 3167 fastiganturiu

83 3164 221 3241 damn)
243 3175 329 3229 lucius
351 3186 448 3245 agetur
465 3173 583 3238 xm,
623 3174 758 3244 stipulum.
772 3201 783 3222 ι
798 3173 910 3226 Ovidius
924 3174 1035 3228 Metam.
1046 3175 1092 3228 lib.
1101 3177 1137 3242 V,

85 3249 114 3304 5²
124 3274 132 3315 ς
142 3252 175 3306 de
186 3253 314 3308 moria
327 3254 427 3318 herba,
439 3253 535 3305 Beseda
545 3254 583 3306 lu·
627 3279 639 3301 ι
656 3252 751 3324 primia
762 3265 861 3324 segetes
875 3253 1027 3306 moriuntur
1037 3253 1066 3306 in
1078 3255 1138 3308 lieu·-

84 3333 151 3396 Νι,
164 3333 332 3405 paulosupuc
341 3331 455 3386 dietum.
467 3332 520 3386 Eu.
622 3331 695 3398 Isim·
710 3332 827 3385 lib.VIII
840 3353 846 3384 :
864 3359 875 3380 ι
888 3345 990 3403 segetes
999 3333 1137 3404 proculcet

118 3414 158 3466 13.
167 3410 297 3478 Serum
305 3425 379 3483 atqu
390 3411 533 3484 turbystunt.
547 3411 580 3464 Iu
623 3412 652 3465 in
661 3412 755 3466 herba.
768 3437 780 3459 ι
798 3412 832 3464 Et
848 3412 874 3464 in
888 3412 998 3482 epistola
1012 3412 1134 3467 Paridis:

85 3491 360 3565 meodmcliytemim
373 3492 581 3562 quaeluetintee
627 3505 679 3544 «et
700 3491 787 3544 adhuc
811 3503 855 3544 tua
877 3491 968 3544 messis
996 3491 1024 3544 in
1050 3492 1134 3548 herbe

85 3569 324 3626 nedimmeuteuon
335 3570 580 3640 solummundo.
622 3584 672 3624 est.
686 3597 698 3618 ι
719 3571 813 3624 Gnou.
833 3603 872 3614 -
890 3569 998 3624 Summe.
1020 3571 1136 3626 Maxime

120 3657 160 3712 ιζ.
172 3650 277 3704 Surdum.
291 3651 417 3704 Colooem
429 3651 530 3702 bibere.
544 3649 579 3702 li.
623 3649 826 3704 commendatus
835 3667 876 3714 ea,
887 3668 963 3722 quae,
976 3663 1027 3704 etc.
1045 3651 1136 3704 Diosc.

118 3728 223 3784 nvtt
233 3751 259 3784 1.
271 3731 388 3784 orobitin
396 3741 493 3782 meet.
500 3727 582 3795 Quod
622 3729 676 3784 loe.
691 3731 762 3784 citat.
776 3733 808 3798 τῇ
817 3731 879 3800 χρόᾳ
890 3731 1032 3801 κατακόρως
1048 3731 1137 3802 πρασί-

87 3805 192 3899 ingnne
201 3810 347 3864 formarent
354 3807 454 3880 deducu,
469 3809 522 3862 hoc
533 3821 582 3875 est,
624 3811 722 3874 ζουσαν,
731 3833 743 3856 ι
754 3827 813 3881 quse
824 3809 898 3880 porri
910 3809 967 3862 laete
976 3809 1086 3862 virentis
1094 3828 1136 3862 co·

87 3899 135 3940 mu
147 3887 323 3945 similitudine.
343 3887 406 3942 lIaee
418 3907 499 3960 graue
510 3889 580 3943 Pliu.
605 3889 708 3942 'Iouem
733 3906 814 3960 quum
838 3887 972 3942 simillime
996 3887 1107 3955 reddat,
1120 3913 1132 3936 ι

86 3963 190 4034 Μαι
199 3971 287 4024 stetim
296 3981 385 4024 vocat.
396 3969 485 4022 lliau.
624 3969 759 4038 probatin
773 3965 875 4038 primis.
890 3967 935 4021 Sic
948 3968 1028 4022 etiam
1038 3966 1136 4024 Isidos.

120 4048 179 4100 ule
188 4049 325 4103 laneum
338 4049 373 4101 Iu
386 4048 523 4120 pulverem
533 4065 580 4102 seu
624 4047 676 4102 loc.
685 4048 757 4102 eitat.
774 4045 836 4100 Fuit
845 4046 911 4100 olim
925 4047 951 4100 in
964 4048 1051 4118 pretio
1062 4045 1138 4118 apud

87 4121 193 4184 Iulum.
207 4129 300 4184 Rau.
623 4127 804 4200 pIetoreshac
818 4125 982 4200 cluysocolla
995 4143 1138 4198 porracea3

149 4227 205 4294 IX.
992 4221 1016 4294 6
