<?xml version="1.0" encoding="UTF-8"?>
<!DOCTYPE html PUBLIC "-//W3C//DTD XHTML 1.0 Transitional//EN"
    "http://www.w3.org/TR/xhtml1/DTD/xhtml1-transitional.dtd">
<html xmlns="http://www.w3.org/1999/xhtml" xml:lang="en" lang="en">
 <head>
  <title>
</title>
<meta http-equiv="Content-Type" content="text/html;charset=utf-8" />
  <meta name='ocr-system' content='tesseract 3.04.00' />
  <meta name='ocr-capabilities' content='ocr_page ocr_carea ocr_par ocr_line ocrx_word'/>
</head>
<body>
  <div class='ocr_page' id='page_1' title='image "./caiipliniisecun01plingoog_0622.png"; bbox 0 0 2950 5000; ppageno 0'>
   <div class='ocr_carea' id='block_1_1' title="bbox 414 414 1140 516">
    <p class='ocr_par' dir='ltr' id='par_1_1' title="bbox 414 414 1140 516">
     <span class='ocr_line' id='line_1_1' title="bbox 414 414 1140 516; baseline 0.012 -35"><span class='ocrx_word' id='word_1_1' title='bbox 414 414 565 484; x_wconf 79' lang='grc' dir='ltr'>ιιιιιιιι</span> <span class='ocrx_word' id='word_1_2' title='bbox 601 414 799 485; x_wconf 83' lang='lat' dir='ltr'><strong>xxxvn.</strong></span> <span class='ocrx_word' id='word_1_3' title='bbox 1013 490 1015 495; x_wconf 70' lang='grc'>,</span> <span class='ocrx_word' id='word_1_4' title='bbox 1068 416 1140 516; x_wconf 83' lang='lat'><strong>607</strong></span> 
     </span>
    </p>
   </div>
   <div class='ocr_carea' id='block_1_2' title="bbox 82 547 1144 1282">
    <p class='ocr_par' dir='ltr' id='par_1_2' title="bbox 82 547 1144 1282">
     <span class='ocr_line' id='line_1_2' title="bbox 82 547 1142 678; baseline 0.004 -57"><span class='ocrx_word' id='word_1_5' title='bbox 82 547 186 639; x_wconf 84' lang='lat' dir='ltr'><strong>tbioi&#39;,</strong></span> <span class='ocrx_word' id='word_1_6' title='bbox 206 548 250 618; x_wconf 90' lang='lat' dir='ltr'><strong>ab</strong></span> <span class='ocrx_word' id='word_1_7' title='bbox 268 572 309 617; x_wconf 90' lang='lat' dir='ltr'><strong>ea</strong></span> <span class='ocrx_word' id='word_1_8' title='bbox 328 560 444 678; x_wconf 82' lang='lat' dir='ltr'><strong>geute,</strong></span> <span class='ocrx_word' id='word_1_9' title='bbox 461 548 496 615; x_wconf 91' lang='lat' dir='ltr'><strong>iu</strong></span> <span class='ocrx_word' id='word_1_10' title='bbox 512 571 580 641; x_wconf 89' lang='lat' dir='ltr'><strong>qua</strong></span> <span class='ocrx_word' id='word_1_11' title='bbox 596 549 819 642; x_wconf 85' lang='lat' dir='ltr'><strong>reperiuntur,</strong></span> <span class='ocrx_word' id='word_1_12' title='bbox 840 547 1006 644; x_wconf 83' lang='lat' dir='ltr'><strong>appellati.</strong></span> <span class='ocrx_word' id='word_1_13' title='bbox 1033 552 1142 625; x_wconf 87' lang='lat' dir='ltr'><strong>Nullis</strong></span> 
     </span>
     <span class='ocr_line' id='line_1_3' title="bbox 82 635 1142 753; baseline 0.003 -27"><span class='ocrx_word' id='word_1_14' title='bbox 82 657 179 750; x_wconf 86' lang='lat' dir='ltr'><strong>major</strong></span> <span class='ocrx_word' id='word_1_15' title='bbox 198 635 405 740; x_wconf 83' lang='lat' dir='ltr'><strong>austeritas³‚</strong></span> <span class='ocrx_word' id='word_1_16' title='bbox 424 676 486 723; x_wconf 87' lang='lat' dir='ltr'><strong>uec</strong></span> <span class='ocrx_word' id='word_1_17' title='bbox 507 654 616 721; x_wconf 85' lang='lat' dir='ltr'><strong>minus</strong></span> <span class='ocrx_word' id='word_1_18' title='bbox 630 655 711 723; x_wconf 85' lang='lat' dir='ltr'><strong>vitii.</strong></span> <span class='ocrx_word' id='word_1_19' title='bbox 737 656 784 723; x_wconf 89' lang='lat' dir='ltr'><strong>Et</strong></span> <span class='ocrx_word' id='word_1_20' title='bbox 798 669 960 748; x_wconf 86' lang='lat' dir='ltr'><strong>quantum</strong></span> <span class='ocrx_word' id='word_1_21' title='bbox 977 660 1142 753; x_wconf 81' lang='lat' dir='ltr'><strong>smaragdi</strong></span> 
     </span>
     <span class='ocr_line' id='line_1_4' title="bbox 82 760 1140 895; baseline 0.004 -64"><span class='ocrx_word' id='word_1_22' title='bbox 82 763 251 856; x_wconf 82' lang='lat' dir='ltr'><strong>agemmis</strong></span> <span class='ocrx_word' id='word_1_23' title='bbox 269 762 412 845; x_wconf 88' lang='lat' dir='ltr'><strong>distant,</strong></span> <span class='ocrx_word' id='word_1_24' title='bbox 435 774 568 829; x_wconf 89' lang='lat' dir='ltr'><strong>tautum</strong></span> <span class='ocrx_word' id='word_1_25' title='bbox 577 760 737 895; x_wconf 81' lang='lat' dir='ltr'><strong>Scythici</strong></span> <span class='ocrx_word' id='word_1_26' title='bbox 761 763 923 831; x_wconf 75' lang='lat' dir='ltr'><strong>acuteris</strong></span> <span class='ocrx_word' id='word_1_27' title='bbox 946 765 1140 860; x_wconf 79' lang='lat' dir='ltr'><strong>smaragdis.</strong></span> 
     </span>
     <span class='ocr_line' id='line_1_5' title="bbox 82 851 1144 959; baseline 0.005 -24"><span class='ocrx_word' id='word_1_28' title='bbox 82 871 263 937; x_wconf 79' lang='lat' dir='ltr'>Proximam</span> <span class='ocrx_word' id='word_1_29' title='bbox 287 865 418 935; x_wconf 87' lang='lat' dir='ltr'><strong>laudem</strong></span> <span class='ocrx_word' id='word_1_30' title='bbox 444 851 601 948; x_wconf 77' lang='lat' dir='ltr'><strong>habeut⁴‚</strong></span> <span class='ocrx_word' id='word_1_31' title='bbox 629 867 715 934; x_wconf 85' lang='lat' dir='ltr'><strong>sicut</strong></span> <span class='ocrx_word' id='word_1_32' title='bbox 737 880 772 934; x_wconf 89' lang='lat' dir='ltr'><strong>et</strong></span> <span class='ocrx_word' id='word_1_33' title='bbox 795 867 928 955; x_wconf 71' lang='lat' dir='ltr'><strong>mdem,</strong></span> <span class='ocrx_word' id='word_1_34' title='bbox 955 872 1144 959; x_wconf 83' lang='lat' dir='ltr'><strong>Bactriani3</strong></span> 
     </span>
     <span class='ocr_line' id='line_1_6' title="bbox 82 956 1142 1101; baseline 0.005 -58"><span class='ocrx_word' id='word_1_35' title='bbox 82 1000 156 1067; x_wconf 82' lang='lat' dir='ltr'><strong>quos</strong></span> <span class='ocrx_word' id='word_1_36' title='bbox 176 976 211 1043; x_wconf 88' lang='lat' dir='ltr'><strong>iu</strong></span> <span class='ocrx_word' id='word_1_37' title='bbox 226 972 455 1043; x_wconf 80' lang='lat' dir='ltr'>commissuris</span> <span class='ocrx_word' id='word_1_38' title='bbox 472 994 626 1041; x_wconf 81' lang='lat' dir='ltr'><strong>saxorum</strong></span> <span class='ocrx_word' id='word_1_39' title='bbox 637 956 838 1101; x_wconf 83' lang='lat' dir='ltr'><strong>⁵oolligere</strong></span> <span class='ocrx_word' id='word_1_40' title='bbox 846 972 1003 1043; x_wconf 85' lang='lat' dir='ltr'><strong>dicuutur</strong></span> <span class='ocrx_word' id='word_1_41' title='bbox 1023 979 1142 1048; x_wconf 85' lang='lat' dir='ltr'><strong>Etesiis</strong></span> 
     </span>
     <span class='ocr_line' id='line_1_7' title="bbox 82 1064 1143 1175; baseline 0.006 -26"><span class='ocrx_word' id='word_1_42' title='bbox 82 1080 237 1149; x_wconf 74' lang='lat' dir='ltr'><strong>dantibus„</strong></span> <span class='ocrx_word' id='word_1_43' title='bbox 263 1082 361 1149; x_wconf 85' lang='lat' dir='ltr'><strong>Tunc</strong></span> <span class='ocrx_word' id='word_1_44' title='bbox 384 1080 471 1147; x_wconf 84' lang='lat' dir='ltr'><strong>euim</strong></span> <span class='ocrx_word' id='word_1_45' title='bbox 490 1074 637 1145; x_wconf 90' lang='lat' dir='ltr'><strong>tellure</strong></span> <span class='ocrx_word' id='word_1_46' title='bbox 629 1064 850 1163; x_wconf 47' lang='lat' dir='ltr'><strong>luternitentffi</strong></span> <span class='ocrx_word' id='word_1_47' title='bbox 879 1082 955 1175; x_wconf 89' lang='lat' dir='ltr'><strong>quia</strong></span> <span class='ocrx_word' id='word_1_48' title='bbox 972 1083 1010 1151; x_wconf 89' lang='lat' dir='ltr'><strong>iis</strong></span> <span class='ocrx_word' id='word_1_49' title='bbox 1034 1084 1143 1155; x_wconf 86' lang='lat' dir='ltr'><strong>ventis</strong></span> 
     </span>
     <span class='ocr_line' id='line_1_8' title="bbox 82 1182 1144 1282; baseline 0.005 -27"><span class='ocrx_word' id='word_1_50' title='bbox 82 1187 216 1255; x_wconf 77' lang='lat' dir='ltr'><strong>maxime</strong></span> <span class='ocrx_word' id='word_1_51' title='bbox 228 1208 340 1255; x_wconf 82' lang='lat' dir='ltr'><strong>areuae</strong></span> <span class='ocrx_word' id='word_1_52' title='bbox 353 1196 541 1253; x_wconf 80' lang='lat' dir='ltr'><strong>moventur.</strong></span> <span class='ocrx_word' id='word_1_53' title='bbox 558 1182 695 1253; x_wconf 86' lang='lat' dir='ltr'><strong>Sedhos</strong></span> <span class='ocrx_word' id='word_1_54' title='bbox 709 1184 969 1256; x_wconf 85' lang='lat' dir='ltr'><strong>minoresmulto</strong></span> <span class='ocrx_word' id='word_1_55' title='bbox 982 1189 1144 1282; x_wconf 69' lang='lat' dir='ltr'><strong>Scythicis</strong></span> 
     </span>
    </p>
   </div>
   <div class='ocr_carea' id='block_1_3' title="bbox 82 1352 1148 3017">
    <p class='ocr_par' dir='ltr' id='par_1_3' title="bbox 82 1352 1145 2379">
     <span class='ocr_line' id='line_1_9' title="bbox 118 1352 1143 1427; baseline 0.009 -20"><span class='ocrx_word' id='word_1_56' title='bbox 118 1356 306 1409; x_wconf 55' lang='lat' dir='ltr'><strong>artabuastms·</strong></span> <span class='ocrx_word' id='word_1_57' title='bbox 312 1352 426 1427; x_wconf 73' lang='lat' dir='ltr'><strong>Scyrttct</strong></span> <span class='ocrx_word' id='word_1_58' title='bbox 433 1352 541 1407; x_wconf 84' lang='lat' dir='ltr'><strong>Garoias</strong></span> <span class='ocrx_word' id='word_1_59' title='bbox 550 1352 584 1406; x_wconf 89' lang='lat' dir='ltr'><strong>ab</strong></span> <span class='ocrx_word' id='word_1_60' title='bbox 674 1352 700 1406; x_wconf 82' lang='lat'><strong>⁵.</strong></span> <span class='ocrx_word' id='word_1_61' title='bbox 723 1354 791 1421; x_wconf 82' lang='lat' dir='ltr'><strong>Quos</strong></span> <span class='ocrx_word' id='word_1_62' title='bbox 807 1358 832 1406; x_wconf 87' lang='grc' dir='ltr'><strong>ιἰι</strong></span> <span class='ocrx_word' id='word_1_63' title='bbox 847 1361 1003 1410; x_wconf 79' lang='lat' dir='ltr'><em>commissuris</em></span> <span class='ocrx_word' id='word_1_64' title='bbox 1020 1379 1143 1417; x_wconf 77' lang='lat' dir='ltr'><strong>saeorum.</strong></span> 
     </span>
     <span class='ocr_line' id='line_1_10' title="bbox 82 1430 1144 1509; baseline 0.007 -22"><span class='ocrx_word' id='word_1_65' title='bbox 82 1434 159 1487; x_wconf 84' lang='lat' dir='ltr'><strong>llorto</strong></span> <span class='ocrx_word' id='word_1_66' title='bbox 188 1436 285 1488; x_wconf 86' lang='lat' dir='ltr'><strong>loouru</strong></span> <span class='ocrx_word' id='word_1_67' title='bbox 314 1436 371 1505; x_wconf 85' lang='lat' dir='ltr'><strong>ejus</strong></span> <span class='ocrx_word' id='word_1_68' title='bbox 401 1434 517 1486; x_wconf 86' lang='lat' dir='ltr'><strong>natalem</strong></span> <span class='ocrx_word' id='word_1_69' title='bbox 542 1433 588 1484; x_wconf 85' lang='lat' dir='ltr'><strong>rix</strong></span> <span class='ocrx_word' id='word_1_70' title='bbox 632 1430 708 1485; x_wconf 80' lang='lat' dir='ltr'><strong>Nihil</strong></span> <span class='ocrx_word' id='word_1_71' title='bbox 723 1432 758 1485; x_wconf 88' lang='lat' dir='ltr'><strong>de</strong></span> <span class='ocrx_word' id='word_1_72' title='bbox 772 1434 821 1487; x_wconf 88' lang='lat' dir='ltr'><strong>bec</strong></span> <span class='ocrx_word' id='word_1_73' title='bbox 838 1454 868 1488; x_wconf 90' lang='lat' dir='ltr'><strong>re</strong></span> <span class='ocrx_word' id='word_1_74' title='bbox 886 1438 1095 1509; x_wconf 86' lang='lat' dir='ltr'><strong>Theophrastus.</strong></span> <span class='ocrx_word' id='word_1_75' title='bbox 1109 1443 1144 1496; x_wconf 88' lang='lat' dir='ltr'><strong>Et</strong></span> 
     </span>
     <span class='ocr_line' id='line_1_11' title="bbox 82 1512 1145 1584; baseline 0.006 -17"><span class='ocrx_word' id='word_1_76' title='bbox 82 1516 196 1584; x_wconf 69' lang='lat' dir='ltr'><strong>mguuoi</strong></span> <span class='ocrx_word' id='word_1_77' title='bbox 210 1513 313 1574; x_wconf 86' lang='lat' dir='ltr'><strong>tradit,</strong></span> <span class='ocrx_word' id='word_1_78' title='bbox 335 1514 416 1567; x_wconf 85' lang='lat' dir='ltr'><strong>nullis</strong></span> <span class='ocrx_word' id='word_1_79' title='bbox 436 1512 590 1583; x_wconf 74' lang='lat' dir='ltr'><strong>fragmentis</strong></span> <span class='ocrx_word' id='word_1_80' title='bbox 631 1513 788 1583; x_wconf 77' lang='lat' dir='ltr'><strong>probabile,</strong></span> <span class='ocrx_word' id='word_1_81' title='bbox 802 1514 823 1567; x_wconf 92' lang='lat' dir='ltr'><strong>si</strong></span> <span class='ocrx_word' id='word_1_82' title='bbox 833 1533 911 1569; x_wconf 84' lang='lat' dir='ltr'><strong>arena</strong></span> <span class='ocrx_word' id='word_1_83' title='bbox 925 1530 1060 1571; x_wconf 84' lang='lat' dir='ltr'><strong>commota</strong></span> <span class='ocrx_word' id='word_1_84' title='bbox 1071 1520 1145 1574; x_wconf 81' lang='lat' dir='ltr'><strong>inse-</strong></span> 
     </span>
     <span class='ocr_line' id='line_1_12' title="bbox 82 1592 1144 1667; baseline 0.008 -21"><span class='ocrx_word' id='word_1_85' title='bbox 82 1595 289 1659; x_wconf 85' lang='lat' dir='ltr'><strong>remeuentibus,</strong></span> <span class='ocrx_word' id='word_1_86' title='bbox 303 1593 428 1665; x_wconf 88' lang='lat' dir='ltr'><strong>quoniam</strong></span> <span class='ocrx_word' id='word_1_87' title='bbox 439 1604 589 1663; x_wconf 87' lang='lat' dir='ltr'><strong>eapropter</strong></span> <span class='ocrx_word' id='word_1_88' title='bbox 632 1592 749 1657; x_wconf 85' lang='lat' dir='ltr'><strong>nientur,</strong></span> <span class='ocrx_word' id='word_1_89' title='bbox 759 1592 787 1645; x_wconf 91' lang='lat' dir='ltr'><strong>iu</strong></span> <span class='ocrx_word' id='word_1_90' title='bbox 800 1594 893 1647; x_wconf 85' lang='lat' dir='ltr'><strong>sabulo</strong></span> <span class='ocrx_word' id='word_1_91' title='bbox 902 1596 982 1667; x_wconf 76' lang='lat' dir='ltr'><strong>magis</strong></span> <span class='ocrx_word' id='word_1_92' title='bbox 993 1598 1064 1651; x_wconf 78' lang='lat' dir='ltr'><strong>uesci</strong></span> <span class='ocrx_word' id='word_1_93' title='bbox 1074 1617 1081 1651; x_wconf 91' lang='lat'>:</span> <span class='ocrx_word' id='word_1_94' title='bbox 1093 1600 1144 1653; x_wconf 87' lang='lat' dir='ltr'><strong>uisi</strong></span> 
     </span>
     <span class='ocr_line' id='line_1_13' title="bbox 82 1670 1144 1747; baseline 0.006 -22"><span class='ocrx_word' id='word_1_95' title='bbox 82 1673 205 1725; x_wconf 82' lang='lat' dir='ltr'><strong>raritatem</strong></span> <span class='ocrx_word' id='word_1_96' title='bbox 220 1684 385 1725; x_wconf 79' lang='lat' dir='ltr'><strong>mercatores</strong></span> <span class='ocrx_word' id='word_1_97' title='bbox 400 1672 528 1724; x_wconf 76' lang='lat' dir='ltr'><strong>auferant.</strong></span> <span class='ocrx_word' id='word_1_98' title='bbox 536 1671 590 1722; x_wconf 89' lang='lat' dir='ltr'><strong>Ve·</strong></span> <span class='ocrx_word' id='word_1_99' title='bbox 632 1670 702 1724; x_wconf 77' lang='lat' dir='ltr'><strong>iorte</strong></span> <span class='ocrx_word' id='word_1_100' title='bbox 711 1684 851 1742; x_wconf 87' lang='lat' dir='ltr'><strong>putemus,</strong></span> <span class='ocrx_word' id='word_1_101' title='bbox 872 1674 925 1727; x_wconf 91' lang='lat' dir='ltr'><strong>alio</strong></span> <span class='ocrx_word' id='word_1_102' title='bbox 941 1689 1060 1747; x_wconf 88' lang='lat' dir='ltr'><strong>tempore</strong></span> <span class='ocrx_word' id='word_1_103' title='bbox 1071 1679 1144 1732; x_wconf 85' lang='lat' dir='ltr'><strong>nito-</strong></span> 
     </span>
     <span class='ocr_line' id='line_1_14' title="bbox 83 1751 1144 1813; baseline 0.008 -10"><span class='ocrx_word' id='word_1_104' title='bbox 83 1768 136 1803; x_wconf 83' lang='lat' dir='ltr'><strong>rum</strong></span> <span class='ocrx_word' id='word_1_105' title='bbox 152 1752 204 1805; x_wconf 84' lang='lat' dir='ltr'><strong>alia</strong></span> <span class='ocrx_word' id='word_1_106' title='bbox 224 1766 253 1805; x_wconf 87' lang='lat' dir='ltr'><strong>et</strong></span> <span class='ocrx_word' id='word_1_107' title='bbox 271 1764 345 1805; x_wconf 85' lang='lat' dir='ltr'><strong>certa</strong></span> <span class='ocrx_word' id='word_1_108' title='bbox 365 1752 422 1805; x_wconf 78' lang='lat' dir='ltr'><strong>haec</strong></span> <span class='ocrx_word' id='word_1_109' title='bbox 441 1751 510 1803; x_wconf 85' lang='lat' dir='ltr'><strong>ratio</strong></span> <span class='ocrx_word' id='word_1_110' title='bbox 533 1762 588 1813; x_wconf 84' lang='lat' dir='ltr'><strong>est,</strong></span> <span class='ocrx_word' id='word_1_111' title='bbox 631 1768 689 1801; x_wconf 84' lang='lat' dir='ltr'><strong>rem</strong></span> <span class='ocrx_word' id='word_1_112' title='bbox 713 1751 822 1803; x_wconf 85' lang='lat' dir='ltr'><strong>illorum</strong></span> <span class='ocrx_word' id='word_1_113' title='bbox 842 1753 979 1807; x_wconf 82' lang='lat' dir='ltr'><strong>obscurari</strong></span> <span class='ocrx_word' id='word_1_114' title='bbox 1004 1774 1144 1811; x_wconf 81' lang='lat' dir='ltr'><strong>arenarum</strong></span> 
     </span>
     <span class='ocr_line' id='line_1_15' title="bbox 82 1828 1145 1903; baseline 0.007 -20"><span class='ocrx_word' id='word_1_115' title='bbox 82 1830 287 1903; x_wconf 69' lang='lat' dir='ltr'><strong>quodsmaregdi</strong></span> <span class='ocrx_word' id='word_1_116' title='bbox 296 1832 326 1883; x_wconf 90' lang='lat' dir='ltr'><strong>iu</strong></span> <span class='ocrx_word' id='word_1_117' title='bbox 336 1832 441 1903; x_wconf 82' lang='lat' dir='ltr'><strong>Scythis</strong></span> <span class='ocrx_word' id='word_1_118' title='bbox 451 1868 461 1895; x_wconf 90' lang='lat'><strong>,</strong></span> <span class='ocrx_word' id='word_1_119' title='bbox 471 1828 586 1888; x_wconf 60' lang='lat' dir='ltr'><strong>Baetrin</strong></span> <span class='ocrx_word' id='word_1_120' title='bbox 631 1830 754 1901; x_wconf 76' lang='lat' dir='ltr'><strong>appulsu,</strong></span> <span class='ocrx_word' id='word_1_121' title='bbox 770 1831 865 1885; x_wconf 84' lang='lat' dir='ltr'><strong>Etesiis</strong></span> <span class='ocrx_word' id='word_1_122' title='bbox 886 1850 951 1886; x_wconf 79' lang='lat' dir='ltr'><strong>sero</strong></span> <span class='ocrx_word' id='word_1_123' title='bbox 968 1833 1093 1889; x_wconf 79' lang='lat' dir='ltr'><strong>flantibus</strong></span> <span class='ocrx_word' id='word_1_124' title='bbox 1105 1836 1145 1890; x_wconf 86' lang='lat' dir='ltr'><strong>di·</strong></span> 
     </span>
     <span class='ocr_line' id='line_1_16' title="bbox 84 1908 1145 1984; baseline 0.006 -21"><span class='ocrx_word' id='word_1_125' title='bbox 84 1912 205 1981; x_wconf 75' lang='lat' dir='ltr'><strong>AEgypto,</strong></span> <span class='ocrx_word' id='word_1_126' title='bbox 220 1911 376 1983; x_wconf 68' lang='lat' dir='ltr'><strong>regionibus</strong></span> <span class='ocrx_word' id='word_1_127' title='bbox 387 1910 482 1982; x_wconf 84' lang='lat' dir='ltr'><strong>procul</strong></span> <span class='ocrx_word' id='word_1_128' title='bbox 490 1908 589 1961; x_wconf 86' lang='lat' dir='ltr'><strong>dissitis</strong></span> <span class='ocrx_word' id='word_1_129' title='bbox 631 1909 698 1960; x_wconf 82' lang='lat' dir='ltr'><strong>scuti</strong></span> <span class='ocrx_word' id='word_1_130' title='bbox 709 1910 830 1963; x_wconf 88' lang='lat' dir='ltr'><strong>sabulum</strong></span> <span class='ocrx_word' id='word_1_131' title='bbox 839 1911 907 1964; x_wconf 89' lang='lat' dir='ltr'><strong>illud</strong></span> <span class='ocrx_word' id='word_1_132' title='bbox 917 1931 947 1965; x_wconf 87' lang='lat' dir='ltr'><strong>ac</strong></span> <span class='ocrx_word' id='word_1_133' title='bbox 958 1913 1061 1984; x_wconf 81' lang='lat' dir='ltr'><strong>disjici,</strong></span> <span class='ocrx_word' id='word_1_134' title='bbox 1071 1914 1145 1970; x_wconf 88' lang='lat' dir='ltr'><strong>ideo·</strong></span> 
     </span>
     <span class='ocr_line' id='line_1_17' title="bbox 83 1987 1145 2064; baseline 0.008 -24"><span class='ocrx_word' id='word_1_135' title='bbox 83 1990 112 2040; x_wconf 85' lang='lat' dir='ltr'><strong>ab</strong></span> <span class='ocrx_word' id='word_1_136' title='bbox 123 1988 212 2053; x_wconf 86' lang='lat' dir='ltr'><strong>ludia,</strong></span> <span class='ocrx_word' id='word_1_137' title='bbox 222 1990 252 2043; x_wconf 90' lang='lat' dir='ltr'><strong>in</strong></span> <span class='ocrx_word' id='word_1_138' title='bbox 269 2008 323 2060; x_wconf 89' lang='lat' dir='ltr'><strong>qua</strong></span> <span class='ocrx_word' id='word_1_139' title='bbox 338 1990 446 2043; x_wconf 87' lang='lat' dir='ltr'><strong>Garoias</strong></span> <span class='ocrx_word' id='word_1_140' title='bbox 459 1987 587 2058; x_wconf 76' lang='lat' dir='ltr'><strong>degebat,</strong></span> <span class='ocrx_word' id='word_1_141' title='bbox 632 2006 685 2058; x_wconf 89' lang='lat' dir='ltr'><strong>que</strong></span> <span class='ocrx_word' id='word_1_142' title='bbox 694 2001 752 2041; x_wconf 91' lang='lat' dir='ltr'><strong>tum</strong></span> <span class='ocrx_word' id='word_1_143' title='bbox 760 1989 869 2060; x_wconf 77' lang='lat' dir='ltr'><strong>fulgere.</strong></span> <span class='ocrx_word' id='word_1_144' title='bbox 878 1990 1054 2064; x_wconf 84' lang='lat' dir='ltr'><strong>Theophrasti</strong></span> <span class='ocrx_word' id='word_1_145' title='bbox 1063 1997 1145 2049; x_wconf 83' lang='lat' dir='ltr'><strong>verba</strong></span> 
     </span>
     <span class='ocr_line' id='line_1_18' title="bbox 82 2066 1144 2139; baseline 0.005 -16"><span class='ocrx_word' id='word_1_146' title='bbox 82 2070 249 2139; x_wconf 71' lang='lat' dir='ltr'><strong>repatiantur.</strong></span> <span class='ocrx_word' id='word_1_147' title='bbox 261 2072 365 2123; x_wconf 68' lang='lat' dir='ltr'><strong>Dim.</strong></span> <span class='ocrx_word' id='word_1_148' title='bbox 374 2100 415 2113; x_wconf 92' lang='lat'><strong>-·</strong></span> <span class='ocrx_word' id='word_1_149' title='bbox 426 2068 586 2121; x_wconf 72' lang='lat' dir='ltr'><strong>Nobttiestmt.</strong></span> <span class='ocrx_word' id='word_1_150' title='bbox 632 2067 759 2121; x_wconf 74' lang='lat' dir='ltr'><strong>mathee</strong></span> <span class='ocrx_word' id='word_1_151' title='bbox 768 2068 814 2122; x_wconf 88' lang='lat' dir='ltr'><strong>lib.</strong></span> <span class='ocrx_word' id='word_1_152' title='bbox 824 2069 879 2139; x_wconf 74' lang='lat' dir='ltr'><strong>srspl</strong></span> <span class='ocrx_word' id='word_1_153' title='bbox 886 2070 964 2123; x_wconf 81' lang='grc' dir='ltr'>λίθων·</span> <span class='ocrx_word' id='word_1_154' title='bbox 973 2066 1017 2133; x_wconf 75' lang='lat' dir='ltr'><strong>Ols</strong></span> <span class='ocrx_word' id='word_1_155' title='bbox 1027 2068 1057 2127; x_wconf 81' lang='lat' dir='ltr'><strong>di</strong></span> <span class='ocrx_word' id='word_1_156' title='bbox 1066 2076 1099 2137; x_wconf 70' lang='lat' dir='ltr'><strong>its</strong></span> <span class='ocrx_word' id='word_1_157' title='bbox 1109 2074 1144 2128; x_wconf 74' lang='lat' dir='ltr'><strong>rit</strong></span> 
     </span>
     <span class='ocr_line' id='line_1_19' title="bbox 82 2147 1144 2224; baseline 0.008 -25"><span class='ocrx_word' id='word_1_158' title='bbox 82 2147 191 2203; x_wconf 83' lang='lat' dir='ltr'><strong>lsidorus</strong></span> <span class='ocrx_word' id='word_1_159' title='bbox 202 2162 230 2203; x_wconf 89' lang='lat' dir='ltr'><strong>et</strong></span> <span class='ocrx_word' id='word_1_160' title='bbox 243 2150 365 2214; x_wconf 84' lang='lat' dir='ltr'><strong>Solinus,</strong></span> <span class='ocrx_word' id='word_1_161' title='bbox 384 2149 452 2203; x_wconf 83' lang='lat' dir='ltr'><strong>loeis</strong></span> <span class='ocrx_word' id='word_1_162' title='bbox 464 2149 508 2201; x_wconf 84' lang='lat' dir='ltr'><strong>eit.</strong></span> <span class='ocrx_word' id='word_1_163' title='bbox 523 2148 589 2216; x_wconf 78' lang='lat' dir='ltr'><strong>Sey·</strong></span> <span class='ocrx_word' id='word_1_164' title='bbox 630 2148 756 2201; x_wconf 73' lang='grc' dir='ltr'>λιθόιιολλα</span> <span class='ocrx_word' id='word_1_165' title='bbox 770 2156 877 2217; x_wconf 54' lang='lat' dir='ltr'><strong>mussas</strong></span> <span class='ocrx_word' id='word_1_166' title='bbox 893 2152 921 2203; x_wconf 77' lang='lat' dir='ltr'><strong>la</strong></span> <span class='ocrx_word' id='word_1_167' title='bbox 935 2158 980 2213; x_wconf 68' lang='grc' dir='ltr'><strong>τῆς</strong></span> <span class='ocrx_word' id='word_1_168' title='bbox 992 2158 1144 2224; x_wconf 69' lang='grc' dir='ltr'>Βακτριανῆς</span> 
     </span>
     <span class='ocr_line' id='line_1_20' title="bbox 83 2225 1145 2305; baseline 0.002 -27"><span class='ocrx_word' id='word_1_169' title='bbox 83 2226 175 2281; x_wconf 87' lang='lat' dir='ltr'><strong>tbidem</strong></span> <span class='ocrx_word' id='word_1_170' title='bbox 193 2247 329 2299; x_wconf 76' lang='lat' dir='ltr'><strong>gemmam</strong></span> <span class='ocrx_word' id='word_1_171' title='bbox 348 2229 464 2299; x_wconf 83' lang='lat' dir='ltr'><strong>appellat</strong></span> <span class='ocrx_word' id='word_1_172' title='bbox 480 2225 588 2279; x_wconf 81' lang='lat' dir='ltr'><strong>Martia·</strong></span> <span class='ocrx_word' id='word_1_173' title='bbox 633 2227 680 2279; x_wconf 82' lang='lat' dir='ltr'><strong>slot</strong></span> <span class='ocrx_word' id='word_1_174' title='bbox 706 2228 765 2297; x_wconf 72' lang='grc' dir='ltr'><strong>πρὸς</strong></span> <span class='ocrx_word' id='word_1_175' title='bbox 790 2234 821 2297; x_wconf 79' lang='grc' dir='ltr'><strong>τῇ</strong></span> <span class='ocrx_word' id='word_1_176' title='bbox 846 2228 935 2300; x_wconf 65' lang='grc' dir='ltr'><strong><em>ἐρήμῳ·</em></strong></span> <span class='ocrx_word' id='word_1_177' title='bbox 953 2233 1094 2305; x_wconf 66' lang='grc' dir='ltr'>συλλέγουσι</span> <span class='ocrx_word' id='word_1_178' title='bbox 1115 2231 1145 2289; x_wconf 66' lang='lat'><strong>8}</strong></span> 
     </span>
     <span class='ocr_line' id='line_1_21' title="bbox 83 2306 1142 2379; baseline 0.01 -24"><span class='ocrx_word' id='word_1_179' title='bbox 83 2324 140 2367; x_wconf 88' lang='lat' dir='ltr'><strong>uus,</strong></span> <span class='ocrx_word' id='word_1_180' title='bbox 156 2308 202 2360; x_wconf 88' lang='lat' dir='ltr'><strong>lib.</strong></span> <span class='ocrx_word' id='word_1_181' title='bbox 220 2310 251 2373; x_wconf 89' lang='lat' dir='ltr'><strong>l,</strong></span> <span class='ocrx_word' id='word_1_182' title='bbox 269 2327 331 2379; x_wconf 70' lang='lat' dir='ltr'><strong>pag.</strong></span> <span class='ocrx_word' id='word_1_183' title='bbox 356 2312 390 2363; x_wconf 81' lang='lat'><strong>18</strong></span> <span class='ocrx_word' id='word_1_184' title='bbox 409 2320 435 2359; x_wconf 90' lang='lat' dir='ltr'><strong>et</strong></span> <span class='ocrx_word' id='word_1_185' title='bbox 453 2326 496 2360; x_wconf 82' lang='grc' dir='ltr'>ιο.</span> <span class='ocrx_word' id='word_1_186' title='bbox 513 2308 547 2359; x_wconf 91' lang='grc' dir='ltr'><strong>Η.</strong></span> <span class='ocrx_word' id='word_1_187' title='bbox 632 2308 721 2362; x_wconf 72' lang='grc' dir='ltr'>αὐτοὺς</span> <span class='ocrx_word' id='word_1_188' title='bbox 740 2306 787 2358; x_wconf 75' lang='grc' dir='ltr'><strong>ὑπὸ</strong></span> <span class='ocrx_word' id='word_1_189' title='bbox 802 2308 901 2368; x_wconf 64' lang='grc' dir='ltr'><strong>ἐτησίας</strong></span> <span class='ocrx_word' id='word_1_190' title='bbox 922 2310 1005 2372; x_wconf 80' lang='grc' dir='ltr'>ἱππεῖς</span> <span class='ocrx_word' id='word_1_191' title='bbox 1024 2313 1142 2377; x_wconf 72' lang='grc' dir='ltr'>ἰξιόντνς·</span> 
     </span>
    </p>

    <p class='ocr_par' dir='ltr' id='par_1_4' title="bbox 83 2384 1148 3017">
     <span class='ocr_line' id='line_1_22' title="bbox 119 2384 1145 2459; baseline 0.006 -21"><span class='ocrx_word' id='word_1_192' title='bbox 119 2386 145 2438; x_wconf 79' lang='grc'><strong>3.</strong></span> <span class='ocrx_word' id='word_1_193' title='bbox 163 2389 248 2442; x_wconf 78' lang='lat' dir='ltr'><strong>Nullis</strong></span> <span class='ocrx_word' id='word_1_194' title='bbox 263 2390 343 2457; x_wconf 74' lang='lat' dir='ltr'><strong>major</strong></span> <span class='ocrx_word' id='word_1_195' title='bbox 356 2390 495 2439; x_wconf 79' lang='lat' dir='ltr'><strong>austeritas.</strong></span> <span class='ocrx_word' id='word_1_196' title='bbox 519 2384 589 2439; x_wconf 88' lang='lat' dir='ltr'><strong>Soli·</strong></span> <span class='ocrx_word' id='word_1_197' title='bbox 631 2386 688 2437; x_wconf 69' lang='grc' dir='ltr'><strong>τότε</strong></span> <span class='ocrx_word' id='word_1_198' title='bbox 698 2384 746 2455; x_wconf 78' lang='grc' dir='ltr'><strong>γὰρ</strong></span> <span class='ocrx_word' id='word_1_199' title='bbox 760 2388 873 2455; x_wconf 69' lang='grc' dir='ltr'>ἰμφανιῖς</span> <span class='ocrx_word' id='word_1_200' title='bbox 885 2389 993 2457; x_wconf 81' lang='grc' dir='ltr'>γίνονται</span> <span class='ocrx_word' id='word_1_201' title='bbox 1006 2396 1145 2459; x_wconf 65' lang='grc' dir='ltr'>κινουμένης</span> 
     </span>
     <span class='ocr_line' id='line_1_23' title="bbox 84 2462 1146 2539; baseline 0.008 -22"><span class='ocrx_word' id='word_1_202' title='bbox 84 2483 143 2534; x_wconf 88' lang='lat' dir='ltr'><strong>uus,</strong></span> <span class='ocrx_word' id='word_1_203' title='bbox 155 2468 263 2524; x_wconf 76' lang='lat' dir='ltr'><strong>loocit.</strong></span> <span class='ocrx_word' id='word_1_204' title='bbox 276 2466 439 2523; x_wconf 74' lang='lat' dir='ltr'><strong>«laudantur</strong></span> <span class='ocrx_word' id='word_1_205' title='bbox 457 2464 586 2532; x_wconf 81' lang='lat' dir='ltr'><strong>austeri,·</strong></span> <span class='ocrx_word' id='word_1_206' title='bbox 632 2470 677 2526; x_wconf 75' lang='grc' dir='ltr'><strong>τῆς</strong></span> <span class='ocrx_word' id='word_1_207' title='bbox 693 2464 778 2536; x_wconf 77' lang='grc' dir='ltr'><strong>ἅμμου</strong></span> <span class='ocrx_word' id='word_1_208' title='bbox 797 2462 883 2522; x_wconf 76' lang='grc' dir='ltr'>διὰτὸ</span> <span class='ocrx_word' id='word_1_209' title='bbox 899 2471 999 2539; x_wconf 55' lang='lat' dir='ltr'><strong>tal-{stas</strong></span> <span class='ocrx_word' id='word_1_210' title='bbox 1010 2478 1058 2524; x_wconf 76' lang='grc' dir='ltr'><strong>τῶν</strong></span> <span class='ocrx_word' id='word_1_211' title='bbox 1074 2492 1146 2527; x_wconf 81' lang='grc' dir='ltr'>πνιιι·</span> 
     </span>
     <span class='ocr_line' id='line_1_24' title="bbox 83 2542 1144 2624; baseline 0.005 -22"><span class='ocrx_word' id='word_1_212' title='bbox 83 2547 187 2614; x_wconf 73' lang='grc' dir='ltr'>Ιιοοαι,</span> <span class='ocrx_word' id='word_1_213' title='bbox 199 2548 288 2602; x_wconf 85' lang='lat' dir='ltr'><strong>saturi</strong></span> <span class='ocrx_word' id='word_1_214' title='bbox 297 2548 403 2600; x_wconf 85' lang='lat' dir='ltr'><strong>eoloris.</strong></span> <span class='ocrx_word' id='word_1_215' title='bbox 411 2547 488 2600; x_wconf 82' lang='lat' dir='ltr'><strong>MSS.</strong></span> <span class='ocrx_word' id='word_1_216' title='bbox 500 2557 590 2597; x_wconf 86' lang='lat' dir='ltr'><strong>tamen</strong></span> <span class='ocrx_word' id='word_1_217' title='bbox 633 2547 729 2614; x_wconf 73' lang='lat' dir='ltr'><strong>udros-</strong></span> <span class='ocrx_word' id='word_1_218' title='bbox 745 2546 791 2599; x_wconf 82' lang='lat' dir='ltr'><strong>sisi</strong></span> <span class='ocrx_word' id='word_1_219' title='bbox 802 2542 832 2598; x_wconf 80' lang='lat' dir='ltr'><strong>dl</strong></span> <span class='ocrx_word' id='word_1_220' title='bbox 847 2548 926 2619; x_wconf 72' lang='grc' dir='ltr'>μικροὶ</span> <span class='ocrx_word' id='word_1_221' title='bbox 936 2551 978 2604; x_wconf 71' lang='grc' dir='ltr'><strong>καὶ</strong></span> <span class='ocrx_word' id='word_1_222' title='bbox 993 2553 1019 2603; x_wconf 86' lang='grc' dir='ltr'><strong>οὐ</strong></span> <span class='ocrx_word' id='word_1_223' title='bbox 1031 2553 1144 2624; x_wconf 74' lang='grc' dir='ltr'>μνγάλοι.</span> 
     </span>
     <span class='ocr_line' id='line_1_25' title="bbox 84 2624 1145 2698; baseline 0.007 -19"><span class='ocrx_word' id='word_1_224' title='bbox 84 2627 142 2698; x_wconf 69' lang='grc' dir='ltr'>Ηις.</span> <span class='ocrx_word' id='word_1_225' title='bbox 153 2639 180 2681; x_wconf 86' lang='lat' dir='ltr'><strong>et</strong></span> <span class='ocrx_word' id='word_1_226' title='bbox 192 2629 276 2682; x_wconf 76' lang='lat' dir='ltr'><strong>Colla.</strong></span> <span class='ocrx_word' id='word_1_227' title='bbox 289 2649 301 2671; x_wconf 75' lang='grc' dir='ltr'>ι</span> <span class='ocrx_word' id='word_1_228' title='bbox 312 2627 394 2680; x_wconf 86' lang='lat' dir='ltr'><strong>nullis</strong></span> <span class='ocrx_word' id='word_1_229' title='bbox 405 2627 490 2697; x_wconf 74' lang='lat' dir='ltr'><strong>unjos</strong></span> <span class='ocrx_word' id='word_1_230' title='bbox 503 2637 592 2677; x_wconf 82' lang='lat' dir='ltr'><strong>auoto-</strong></span> <span class='ocrx_word' id='word_1_231' title='bbox 632 2624 666 2679; x_wconf 92' lang='lat' dir='ltr'><strong>Id</strong></span> <span class='ocrx_word' id='word_1_232' title='bbox 680 2637 720 2676; x_wconf 87' lang='lat' dir='ltr'><strong>est</strong></span> <span class='ocrx_word' id='word_1_233' title='bbox 728 2649 756 2688; x_wconf 82' lang='lat'><strong>,·</strong></span> <span class='ocrx_word' id='word_1_234' title='bbox 771 2625 934 2681; x_wconf 72' lang='lat' dir='ltr'><strong>carbunculi</strong></span> <span class='ocrx_word' id='word_1_235' title='bbox 947 2647 978 2682; x_wconf 87' lang='lat' dir='ltr'><strong>ex</strong></span> <span class='ocrx_word' id='word_1_236' title='bbox 991 2632 1145 2698; x_wconf 86' lang='lat' dir='ltr'><strong>Bactriana,</strong></span> 
     </span>
     <span class='ocr_line' id='line_1_26' title="bbox 84 2703 1148 2778; baseline 0.007 -20"><span class='ocrx_word' id='word_1_237' title='bbox 84 2706 152 2766; x_wconf 85' lang='lat' dir='ltr'><strong>ritas,</strong></span> <span class='ocrx_word' id='word_1_238' title='bbox 169 2734 181 2755; x_wconf 77' lang='grc' dir='ltr'>ν</span> <span class='ocrx_word' id='word_1_239' title='bbox 195 2706 244 2762; x_wconf 81' lang='lat' dir='ltr'><strong>aed</strong></span> <span class='ocrx_word' id='word_1_240' title='bbox 254 2704 382 2760; x_wconf 80' lang='lat' dir='ltr'><strong>mendose</strong></span> <span class='ocrx_word' id='word_1_241' title='bbox 395 2727 402 2758; x_wconf 77' lang='grc' dir='ltr'>ι</span> <span class='ocrx_word' id='word_1_242' title='bbox 415 2723 498 2774; x_wconf 87' lang='lat' dir='ltr'><strong>quum</strong></span> <span class='ocrx_word' id='word_1_243' title='bbox 508 2703 590 2758; x_wconf 83' lang='lat' dir='ltr'><strong>iidem</strong></span> <span class='ocrx_word' id='word_1_244' title='bbox 635 2703 732 2775; x_wconf 88' lang='lat' dir='ltr'><strong>quibus</strong></span> <span class='ocrx_word' id='word_1_245' title='bbox 747 2718 858 2760; x_wconf 87' lang='lat' dir='ltr'><strong>utuntur</strong></span> <span class='ocrx_word' id='word_1_246' title='bbox 869 2706 904 2761; x_wconf 88' lang='lat' dir='ltr'><strong>ed</strong></span> <span class='ocrx_word' id='word_1_247' title='bbox 914 2723 1045 2778; x_wconf 76' lang='lat' dir='ltr'><strong>gemmata</strong></span> <span class='ocrx_word' id='word_1_248' title='bbox 1059 2713 1148 2765; x_wconf 84' lang='lat' dir='ltr'><strong>moni-</strong></span> 
     </span>
     <span class='ocr_line' id='line_1_27' title="bbox 85 2781 1146 2859; baseline 0.006 -21"><span class='ocrx_word' id='word_1_249' title='bbox 85 2802 136 2856; x_wconf 78' lang='lat' dir='ltr'><strong>eep.</strong></span> <span class='ocrx_word' id='word_1_250' title='bbox 149 2806 205 2859; x_wconf 84' lang='lat' dir='ltr'><strong>aeq.</strong></span> <span class='ocrx_word' id='word_1_251' title='bbox 226 2786 303 2842; x_wconf 77' lang='lat' dir='ltr'><strong>clare</strong></span> <span class='ocrx_word' id='word_1_252' title='bbox 316 2785 471 2847; x_wconf 77' lang='lat' dir='ltr'><strong>exhibeant,</strong></span> <span class='ocrx_word' id='word_1_253' title='bbox 490 2810 502 2832; x_wconf 85' lang='grc' dir='ltr'>ι</span> <span class='ocrx_word' id='word_1_254' title='bbox 515 2795 591 2836; x_wconf 84' lang='lat' dir='ltr'><strong>teuo·</strong></span> <span class='ocrx_word' id='word_1_255' title='bbox 633 2783 686 2846; x_wconf 88' lang='lat' dir='ltr'><strong>lia,</strong></span> <span class='ocrx_word' id='word_1_256' title='bbox 708 2783 737 2834; x_wconf 90' lang='lat' dir='ltr'><strong>in</strong></span> <span class='ocrx_word' id='word_1_257' title='bbox 758 2781 870 2838; x_wconf 82' lang='lat' dir='ltr'><strong>desertis</strong></span> <span class='ocrx_word' id='word_1_258' title='bbox 888 2801 1040 2842; x_wconf 81' lang='lat' dir='ltr'><strong>nascuntur.</strong></span> <span class='ocrx_word' id='word_1_259' title='bbox 1061 2792 1146 2845; x_wconf 90' lang='lat' dir='ltr'><strong>Colli·</strong></span> 
     </span>
     <span class='ocr_line' id='line_1_28' title="bbox 85 2863 1146 2942; baseline 0.004 -22"><span class='ocrx_word' id='word_1_260' title='bbox 85 2863 592 2937; x_wconf 80' lang='lat' dir='ltr'><strong>remiliumSeytlsieeausteritatisuou</strong></span> <span class='ocrx_word' id='word_1_261' title='bbox 634 2875 701 2933; x_wconf 74' lang='lat' dir='ltr'><strong>gunt</strong></span> <span class='ocrx_word' id='word_1_262' title='bbox 719 2880 766 2915; x_wconf 88' lang='lat' dir='ltr'><strong>eos</strong></span> <span class='ocrx_word' id='word_1_263' title='bbox 784 2863 909 2918; x_wconf 85' lang='lat' dir='ltr'><strong>flantibus</strong></span> <span class='ocrx_word' id='word_1_264' title='bbox 928 2868 1024 2922; x_wconf 82' lang='lat' dir='ltr'><strong>Etesiis</strong></span> <span class='ocrx_word' id='word_1_265' title='bbox 1044 2872 1146 2942; x_wconf 79' lang='lat' dir='ltr'><strong>equites</strong></span> 
     </span>
     <span class='ocr_line' id='line_1_29' title="bbox 85 2942 1146 3017; baseline 0.007 -21"><span class='ocrx_word' id='word_1_266' title='bbox 85 2962 182 3017; x_wconf 80' lang='lat' dir='ltr'><strong>semper</strong></span> <span class='ocrx_word' id='word_1_267' title='bbox 193 2944 361 3000; x_wconf 80' lang='lat' dir='ltr'><strong>custodiunt.</strong></span> <span class='ocrx_word' id='word_1_268' title='bbox 375 2968 387 2990; x_wconf 76' lang='grc' dir='ltr'>ι</span> <span class='ocrx_word' id='word_1_269' title='bbox 398 2945 432 2996; x_wconf 84' lang='grc' dir='ltr'><strong>Η.</strong></span> <span class='ocrx_word' id='word_1_270' title='bbox 447 2974 487 2986; x_wconf 90' lang='lat'>-</span> <span class='ocrx_word' id='word_1_271' title='bbox 501 2943 593 2995; x_wconf 80' lang='lat' dir='ltr'><strong>Ateste</strong></span> <span class='ocrx_word' id='word_1_272' title='bbox 635 2942 684 2994; x_wconf 91' lang='lat' dir='ltr'><strong>illo</strong></span> <span class='ocrx_word' id='word_1_273' title='bbox 698 2943 806 3012; x_wconf 72' lang='lat' dir='ltr'><strong>egressi3</strong></span> <span class='ocrx_word' id='word_1_274' title='bbox 826 2957 883 2996; x_wconf 85' lang='lat' dir='ltr'><strong>tuus</strong></span> <span class='ocrx_word' id='word_1_275' title='bbox 897 2946 968 2998; x_wconf 85' lang='lat' dir='ltr'><strong>euim</strong></span> <span class='ocrx_word' id='word_1_276' title='bbox 982 2965 1052 3002; x_wconf 76' lang='lat' dir='ltr'><strong>aure</strong></span> <span class='ocrx_word' id='word_1_277' title='bbox 1066 2951 1146 3003; x_wconf 84' lang='lat' dir='ltr'><strong>velse-</strong></span> 
     </span>
    </p>
   </div>
   <div class='ocr_carea' id='block_1_4' title="bbox 85 3019 1243 3097">
    <p class='ocr_par' dir='ltr' id='par_1_5' title="bbox 85 3019 1243 3097">
     <span class='ocr_line' id='line_1_30' title="bbox 85 3019 1243 3097; baseline 0.005 -21.058"><span class='ocrx_word' id='word_1_278' title='bbox 85 3026 146 3077; x_wconf 81' lang='lat' dir='ltr'><strong>r.itus</strong></span> <span class='ocrx_word' id='word_1_279' title='bbox 163 3025 358 3078; x_wconf 82' lang='lat' dir='ltr'><strong>Austeritatem</strong></span> <span class='ocrx_word' id='word_1_280' title='bbox 371 3022 445 3075; x_wconf 85' lang='lat' dir='ltr'><strong>illam</strong></span> <span class='ocrx_word' id='word_1_281' title='bbox 460 3041 509 3074; x_wconf 88' lang='lat' dir='ltr'><strong>nos</strong></span> <span class='ocrx_word' id='word_1_282' title='bbox 525 3019 593 3075; x_wconf 82' lang='lat' dir='ltr'><strong>diei·</strong></span> <span class='ocrx_word' id='word_1_283' title='bbox 636 3034 737 3073; x_wconf 78' lang='lat' dir='ltr'><strong>mentia</strong></span> <span class='ocrx_word' id='word_1_284' title='bbox 749 3022 889 3074; x_wconf 83' lang='lat' dir='ltr'><strong>commotis</strong></span> <span class='ocrx_word' id='word_1_285' title='bbox 903 3026 990 3078; x_wconf 83' lang='lat' dir='ltr'><strong>arenis</strong></span> <span class='ocrx_word' id='word_1_286' title='bbox 1002 3031 1144 3097; x_wconf 74' lang='lat' dir='ltr'><strong>apparent.</strong></span> <span class='ocrx_word' id='word_1_287' title='bbox 1233 3035 1243 3054; x_wconf 69' lang='lat'>⁸</span> 
     </span>
    </p>
   </div>
   <div class='ocr_carea' id='block_1_5' title="bbox 47 3099 1150 4130">
    <p class='ocr_par' dir='ltr' id='par_1_6' title="bbox 86 3099 1142 3177">
     <span class='ocr_line' id='line_1_31' title="bbox 86 3099 1142 3177; baseline 0.005 -23"><span class='ocrx_word' id='word_1_288' title='bbox 86 3120 151 3170; x_wconf 87' lang='lat' dir='ltr'><strong>mue,</strong></span> <span class='ocrx_word' id='word_1_289' title='bbox 163 3105 301 3156; x_wconf 66' lang='lat' dir='ltr'><strong>koehutd.</strong></span> <span class='ocrx_word' id='word_1_290' title='bbox 309 3105 395 3156; x_wconf 81' lang='lat' dir='ltr'><strong>Bsor.</strong></span> <span class='ocrx_word' id='word_1_291' title='bbox 636 3099 802 3154; x_wconf 84' lang='lat' dir='ltr'><strong>Suuteutem</strong></span> <span class='ocrx_word' id='word_1_292' title='bbox 814 3101 932 3172; x_wconf 84' lang='lat' dir='ltr'><strong>perviae</strong></span> <span class='ocrx_word' id='word_1_293' title='bbox 945 3123 1000 3158; x_wconf 85' lang='lat' dir='ltr'><strong>nou</strong></span> <span class='ocrx_word' id='word_1_294' title='bbox 1016 3108 1142 3177; x_wconf 80' lang='lat' dir='ltr'><strong>magui.</strong></span> 
     </span>
    </p>

    <p class='ocr_par' dir='ltr' id='par_1_7' title="bbox 68 3173 741 3246">
     <span class='ocr_line' id='line_1_32' title="bbox 68 3173 741 3246; baseline -0.012 -8"><span class='ocrx_word' id='word_1_295' title='bbox 68 3178 72 3184; x_wconf 61' lang='grc'>’</span> <span class='ocrx_word' id='word_1_296' title='bbox 122 3189 147 3246; x_wconf 78' lang='grc'><em>4</em></span> <span class='ocrx_word' id='word_1_297' title='bbox 163 3185 308 3236; x_wconf 70' lang='lat' dir='ltr'><strong>Proximam</strong></span> <span class='ocrx_word' id='word_1_298' title='bbox 322 3173 417 3234; x_wconf 75' lang='lat' dir='ltr'><strong>laudern</strong></span> <span class='ocrx_word' id='word_1_299' title='bbox 432 3181 528 3232; x_wconf 74' lang='lat' dir='ltr'><strong>habeat.</strong></span> <span class='ocrx_word' id='word_1_300' title='bbox 543 3178 595 3230; x_wconf 85' lang='grc' dir='ltr'><strong>1ιί</strong></span> <span class='ocrx_word' id='word_1_301' title='bbox 636 3181 741 3232; x_wconf 75' lang='lat' dir='ltr'><strong>Diuo</strong></span> 
     </span>
    </p>

    <p class='ocr_par' dir='ltr' id='par_1_8' title="bbox 47 3258 1150 4130">
     <span class='ocr_line' id='line_1_33' title="bbox 86 3258 1145 3336; baseline 0.004 -22"><span class='ocrx_word' id='word_1_302' title='bbox 86 3259 162 3316; x_wconf 88' lang='lat' dir='ltr'><strong>dorus</strong></span> <span class='ocrx_word' id='word_1_303' title='bbox 167 3265 267 3336; x_wconf 69' lang='lat' dir='ltr'><strong>,Orig¹</strong></span> <span class='ocrx_word' id='word_1_304' title='bbox 281 3263 329 3315; x_wconf 89' lang='lat' dir='ltr'><strong>lib.</strong></span> <span class='ocrx_word' id='word_1_305' title='bbox 346 3261 430 3325; x_wconf 86' lang='lat' dir='ltr'><strong>XVI,</strong></span> <span class='ocrx_word' id='word_1_306' title='bbox 447 3277 504 3330; x_wconf 84' lang='lat' dir='ltr'><strong>eap.</strong></span> <span class='ocrx_word' id='word_1_307' title='bbox 520 3277 553 3328; x_wconf 90' lang='lat'><strong>7,</strong></span> <span class='ocrx_word' id='word_1_308' title='bbox 565 3270 593 3311; x_wconf 91' lang='lat' dir='ltr'><strong>et</strong></span> <span class='ocrx_word' id='word_1_309' title='bbox 676 3263 703 3311; x_wconf 94' lang='lat'><strong>6.</strong></span> <span class='ocrx_word' id='word_1_310' title='bbox 728 3258 826 3310; x_wconf 82' lang='lat' dir='ltr'><strong>Tellure</strong></span> <span class='ocrx_word' id='word_1_311' title='bbox 846 3263 991 3314; x_wconf 76' lang='lat' dir='ltr'><strong>internitens.</strong></span> <span class='ocrx_word' id='word_1_312' title='bbox 1018 3263 1145 3330; x_wconf 88' lang='lat' dir='ltr'><strong>Solinus,</strong></span> 
     </span>
     <span class='ocr_line' id='line_1_34' title="bbox 85 3337 1145 3414; baseline 0.003 -21"><span class='ocrx_word' id='word_1_313' title='bbox 85 3341 216 3414; x_wconf 79' lang='lat' dir='ltr'><strong>Theophr.</strong></span> <span class='ocrx_word' id='word_1_314' title='bbox 228 3343 381 3413; x_wconf 62' lang='lat' dir='ltr'><strong>respitiens,</strong></span> <span class='ocrx_word' id='word_1_315' title='bbox 392 3358 420 3410; x_wconf 79' lang='lat' dir='ltr'><strong>p.</strong></span> <span class='ocrx_word' id='word_1_316' title='bbox 438 3359 466 3410; x_wconf 89' lang='lat'><strong>7.</strong></span> <span class='ocrx_word' id='word_1_317' title='bbox 482 3339 537 3392; x_wconf 89' lang='lat' dir='ltr'><strong>Ubi</strong></span> <span class='ocrx_word' id='word_1_318' title='bbox 553 3349 592 3390; x_wconf 89' lang='lat' dir='ltr'><strong>ta·</strong></span> <span class='ocrx_word' id='word_1_319' title='bbox 635 3337 687 3391; x_wconf 83' lang='lat' dir='ltr'><strong>loo.</strong></span> <span class='ocrx_word' id='word_1_320' title='bbox 699 3339 744 3391; x_wconf 87' lang='lat' dir='ltr'><strong>eit.</strong></span> <span class='ocrx_word' id='word_1_321' title='bbox 762 3365 773 3386; x_wconf 83' lang='lat'>·</span> <span class='ocrx_word' id='word_1_322' title='bbox 787 3339 964 3393; x_wconf 86' lang='lat' dir='ltr'><strong>Inveniuntur</strong></span> <span class='ocrx_word' id='word_1_323' title='bbox 974 3342 1066 3395; x_wconf 86' lang='lat' dir='ltr'><strong>Etesiis</strong></span> <span class='ocrx_word' id='word_1_324' title='bbox 1078 3343 1145 3396; x_wconf 88' lang='lat' dir='ltr'><strong>flau-</strong></span> 
     </span>
     <span class='ocr_line' id='line_1_35' title="bbox 87 3416 1147 3494; baseline 0.004 -21"><span class='ocrx_word' id='word_1_325' title='bbox 87 3439 156 3488; x_wconf 84' lang='lat' dir='ltr'><strong>meu,</strong></span> <span class='ocrx_word' id='word_1_326' title='bbox 164 3437 195 3476; x_wconf 89' lang='lat' dir='ltr'><strong>ut</strong></span> <span class='ocrx_word' id='word_1_327' title='bbox 205 3421 310 3494; x_wconf 86' lang='lat' dir='ltr'><strong>optime</strong></span> <span class='ocrx_word' id='word_1_328' title='bbox 320 3417 593 3490; x_wconf 83' lang='lat' dir='ltr'><strong>Daleoempiueanim·</strong></span> <span class='ocrx_word' id='word_1_329' title='bbox 635 3416 721 3470; x_wconf 86' lang='lat' dir='ltr'><strong>tibus:</strong></span> <span class='ocrx_word' id='word_1_330' title='bbox 732 3431 796 3470; x_wconf 86' lang='lat' dir='ltr'><strong>tuuc</strong></span> <span class='ocrx_word' id='word_1_331' title='bbox 808 3419 878 3471; x_wconf 90' lang='lat' dir='ltr'><strong>enim</strong></span> <span class='ocrx_word' id='word_1_332' title='bbox 890 3424 994 3474; x_wconf 82' lang='lat' dir='ltr'><strong>detecto</strong></span> <span class='ocrx_word' id='word_1_333' title='bbox 1004 3423 1063 3474; x_wconf 91' lang='lat' dir='ltr'><strong>eolo</strong></span> <span class='ocrx_word' id='word_1_334' title='bbox 1074 3423 1147 3477; x_wconf 82' lang='lat' dir='ltr'><strong>laell-</strong></span> 
     </span>
     <span class='ocr_line' id='line_1_36' title="bbox 87 3495 1147 3573; baseline 0.005 -22"><span class='ocrx_word' id='word_1_335' title='bbox 87 3499 210 3568; x_wconf 83' lang='lat' dir='ltr'><strong>advertit,</strong></span> <span class='ocrx_word' id='word_1_336' title='bbox 230 3500 331 3572; x_wconf 87' lang='lat' dir='ltr'><strong>aliique</strong></span> <span class='ocrx_word' id='word_1_337' title='bbox 347 3512 407 3571; x_wconf 82' lang='lat' dir='ltr'><strong>post</strong></span> <span class='ocrx_word' id='word_1_338' title='bbox 425 3517 503 3560; x_wconf 90' lang='lat' dir='ltr'><strong>eum,</strong></span> <span class='ocrx_word' id='word_1_339' title='bbox 524 3495 591 3548; x_wconf 89' lang='lat' dir='ltr'><strong>nihil</strong></span> <span class='ocrx_word' id='word_1_340' title='bbox 633 3495 698 3549; x_wconf 89' lang='lat' dir='ltr'><strong>lime</strong></span> <span class='ocrx_word' id='word_1_341' title='bbox 710 3497 865 3551; x_wconf 86' lang='lat' dir='ltr'><strong>internitent</strong></span> <span class='ocrx_word' id='word_1_342' title='bbox 881 3515 887 3550; x_wconf 75' lang='grc' dir='ltr'><strong>ε</strong></span> <span class='ocrx_word' id='word_1_343' title='bbox 902 3518 963 3552; x_wconf 88' lang='lat' dir='ltr'><strong>nam</strong></span> <span class='ocrx_word' id='word_1_344' title='bbox 981 3501 1075 3555; x_wconf 64' lang='lat' dir='ltr'><strong>Faesise</strong></span> <span class='ocrx_word' id='word_1_345' title='bbox 1088 3504 1147 3573; x_wconf 86' lang='lat' dir='ltr'><strong>plu·</strong></span> 
     </span>
     <span class='ocr_line' id='line_1_37' title="bbox 47 3573 1147 3636; baseline 0.001 -3"><span class='ocrx_word' id='word_1_346' title='bbox 47 3583 53 3602; x_wconf 79' lang='lat'>⁸</span> <span class='ocrx_word' id='word_1_347' title='bbox 86 3579 173 3635; x_wconf 89' lang='lat' dir='ltr'><strong>illede</strong></span> <span class='ocrx_word' id='word_1_348' title='bbox 191 3581 374 3636; x_wconf 85' lang='lat' dir='ltr'><strong>oommissuris</strong></span> <span class='ocrx_word' id='word_1_349' title='bbox 389 3595 531 3632; x_wconf 79' lang='lat' dir='ltr'><strong>saxorum:</strong></span> <span class='ocrx_word' id='word_1_350' title='bbox 544 3573 591 3628; x_wconf 84' lang='lat' dir='ltr'><strong>sed</strong></span> <span class='ocrx_word' id='word_1_351' title='bbox 633 3574 732 3629; x_wconf 85' lang='lat' dir='ltr'><strong>risuum</strong></span> <span class='ocrx_word' id='word_1_352' title='bbox 750 3593 842 3628; x_wconf 86' lang='lat' dir='ltr'><strong>arenas</strong></span> <span class='ocrx_word' id='word_1_353' title='bbox 862 3593 1005 3632; x_wconf 79' lang='lat' dir='ltr'><strong>movent.»</strong></span> <span class='ocrx_word' id='word_1_354' title='bbox 1028 3581 1147 3634; x_wconf 87' lang='lat' dir='ltr'><strong>Isidorus</strong></span> 
     </span>
     <span class='ocr_line' id='line_1_38' title="bbox 87 3655 1148 3731; baseline 0.002 -21"><span class='ocrx_word' id='word_1_355' title='bbox 87 3657 163 3716; x_wconf 81' lang='lat' dir='ltr'><strong>intexi</strong></span> <span class='ocrx_word' id='word_1_356' title='bbox 184 3662 274 3714; x_wconf 82' lang='lat' dir='ltr'><strong>solum</strong></span> <span class='ocrx_word' id='word_1_357' title='bbox 293 3657 447 3730; x_wconf 74' lang='lat' dir='ltr'><strong>smaragdos</strong></span> <span class='ocrx_word' id='word_1_358' title='bbox 456 3656 592 3728; x_wconf 79' lang='lat' dir='ltr'><strong>calycibus</strong></span> <span class='ocrx_word' id='word_1_359' title='bbox 635 3655 764 3720; x_wconf 84' lang='lat' dir='ltr'><strong>similiter,</strong></span> <span class='ocrx_word' id='word_1_360' title='bbox 775 3656 825 3707; x_wconf 85' lang='lat' dir='ltr'><strong>loe.</strong></span> <span class='ocrx_word' id='word_1_361' title='bbox 836 3658 882 3709; x_wconf 89' lang='lat' dir='ltr'><strong>cit.</strong></span> <span class='ocrx_word' id='word_1_362' title='bbox 895 3682 906 3703; x_wconf 82' lang='grc' dir='ltr'>ι</span> <span class='ocrx_word' id='word_1_363' title='bbox 918 3659 1027 3711; x_wconf 84' lang='lat' dir='ltr'><strong>Tellure</strong></span> <span class='ocrx_word' id='word_1_364' title='bbox 1038 3659 1148 3731; x_wconf 80' lang='lat' dir='ltr'><strong>deoper-</strong></span> 
     </span>
     <span class='ocr_line' id='line_1_39' title="bbox 87 3733 1146 3807; baseline 0.001 -15"><span class='ocrx_word' id='word_1_365' title='bbox 87 3742 231 3806; x_wconf 70' lang='lat' dir='ltr'><strong>gemmatis,</strong></span> <span class='ocrx_word' id='word_1_366' title='bbox 246 3741 280 3799; x_wconf 71' lang='lat' dir='ltr'><strong>sle</strong></span> <span class='ocrx_word' id='word_1_367' title='bbox 295 3739 329 3793; x_wconf 74' lang='grc' dir='ltr'><strong>τὰ</strong></span> <span class='ocrx_word' id='word_1_368' title='bbox 340 3742 467 3792; x_wconf 71' lang='grc' dir='ltr'>λιθόιιοὶλα</span> <span class='ocrx_word' id='word_1_369' title='bbox 483 3735 593 3804; x_wconf 68' lang='lat' dir='ltr'><strong>:colligi</strong></span> <span class='ocrx_word' id='word_1_370' title='bbox 636 3733 846 3790; x_wconf 81' lang='lat' dir='ltr'><strong>tainterriricant,</strong></span> <span class='ocrx_word' id='word_1_371' title='bbox 862 3761 872 3782; x_wconf 81' lang='grc' dir='ltr'>ι</span> <span class='ocrx_word' id='word_1_372' title='bbox 888 3737 1027 3807; x_wconf 84' lang='lat' dir='ltr'><strong>Theophr.</strong></span> <span class='ocrx_word' id='word_1_373' title='bbox 1041 3740 1091 3793; x_wconf 86' lang='lat' dir='ltr'><strong>loo.</strong></span> <span class='ocrx_word' id='word_1_374' title='bbox 1103 3742 1146 3794; x_wconf 82' lang='lat' dir='ltr'><strong>cit.</strong></span> 
     </span>
     <span class='ocr_line' id='line_1_40' title="bbox 88 3813 1149 3886; baseline 0 -16"><span class='ocrx_word' id='word_1_375' title='bbox 88 3818 189 3874; x_wconf 83' lang='lat' dir='ltr'><strong>eosdem</strong></span> <span class='ocrx_word' id='word_1_376' title='bbox 204 3821 235 3872; x_wconf 89' lang='lat' dir='ltr'><strong>in</strong></span> <span class='ocrx_word' id='word_1_377' title='bbox 252 3838 331 3872; x_wconf 87' lang='lat' dir='ltr'><strong>arena</strong></span> <span class='ocrx_word' id='word_1_378' title='bbox 342 3818 438 3872; x_wconf 86' lang='lat' dir='ltr'><strong>Etesiis</strong></span> <span class='ocrx_word' id='word_1_379' title='bbox 452 3816 592 3879; x_wconf 84' lang='lat' dir='ltr'><strong>flantibus,</strong></span> <span class='ocrx_word' id='word_1_380' title='bbox 636 3816 694 3867; x_wconf 80' lang='grc' dir='ltr'><strong>τότν</strong></span> <span class='ocrx_word' id='word_1_381' title='bbox 716 3813 764 3884; x_wconf 74' lang='grc' dir='ltr'><strong>γὰρ</strong></span> <span class='ocrx_word' id='word_1_382' title='bbox 789 3817 903 3884; x_wconf 62' lang='grc' dir='ltr'><strong>ἐμφανεῖς</strong></span> <span class='ocrx_word' id='word_1_383' title='bbox 922 3817 1038 3886; x_wconf 77' lang='grc' dir='ltr'>γίνονται.</span> <span class='ocrx_word' id='word_1_384' title='bbox 1058 3821 1093 3872; x_wconf 86' lang='lat' dir='ltr'><strong>ll.</strong></span> <span class='ocrx_word' id='word_1_385' title='bbox 1108 3849 1149 3861; x_wconf 91' lang='lat'>—</span> 
     </span>
     <span class='ocr_line' id='line_1_41' title="bbox 88 3895 1150 3965; baseline 0 -13"><span class='ocrx_word' id='word_1_386' title='bbox 88 3897 145 3965; x_wconf 76' lang='lat' dir='ltr'><strong>quia</strong></span> <span class='ocrx_word' id='word_1_387' title='bbox 166 3899 241 3953; x_wconf 83' lang='lat' dir='ltr'><strong>senti</strong></span> <span class='ocrx_word' id='word_1_388' title='bbox 260 3900 280 3951; x_wconf 92' lang='lat' dir='ltr'><strong>ii</strong></span> <span class='ocrx_word' id='word_1_389' title='bbox 302 3910 409 3950; x_wconf 77' lang='lat' dir='ltr'><strong>movent</strong></span> <span class='ocrx_word' id='word_1_390' title='bbox 434 3915 541 3960; x_wconf 70' lang='lat' dir='ltr'><strong>armas,</strong></span> <span class='ocrx_word' id='word_1_391' title='bbox 564 3911 595 3946; x_wconf 72' lang='lat' dir='ltr'><strong>ac</strong></span> <span class='ocrx_word' id='word_1_392' title='bbox 643 3895 739 3946; x_wconf 77' lang='lat' dir='ltr'><strong>Tellure</strong></span> <span class='ocrx_word' id='word_1_393' title='bbox 758 3899 904 3948; x_wconf 70' lang='lat' dir='ltr'><strong>mter-niteat.</strong></span> <span class='ocrx_word' id='word_1_394' title='bbox 928 3897 1002 3949; x_wconf 85' lang='lat' dir='ltr'><strong>Brot.</strong></span> <span class='ocrx_word' id='word_1_395' title='bbox 1024 3915 1056 3949; x_wconf 88' lang='lat' dir='ltr'><strong>ex</strong></span> <span class='ocrx_word' id='word_1_396' title='bbox 1072 3899 1150 3952; x_wconf 78' lang='lat' dir='ltr'><strong>MSS.</strong></span> 
     </span>
     <span class='ocr_line' id='line_1_42' title="bbox 90 3973 1150 4050; baseline 0.003 -21"><span class='ocrx_word' id='word_1_397' title='bbox 90 3976 179 4033; x_wconf 82' lang='lat' dir='ltr'><strong>tellure</strong></span> <span class='ocrx_word' id='word_1_398' title='bbox 198 3977 304 4033; x_wconf 83' lang='lat' dir='ltr'><strong>detersa</strong></span> <span class='ocrx_word' id='word_1_399' title='bbox 322 3977 507 4031; x_wconf 80' lang='lat' dir='ltr'><strong>iutemiteutes</strong></span> <span class='ocrx_word' id='word_1_400' title='bbox 526 3993 595 4028; x_wconf 86' lang='lat' dir='ltr'><strong>sure·</strong></span> <span class='ocrx_word' id='word_1_401' title='bbox 639 3975 721 4044; x_wconf 66' lang='lat' dir='ltr'><strong>llegg.</strong></span> <span class='ocrx_word' id='word_1_402' title='bbox 734 3995 767 4037; x_wconf 77' lang='lat' dir='ltr'><strong>u,</strong></span> <span class='ocrx_word' id='word_1_403' title='bbox 794 3975 827 4040; x_wconf 85' lang='lat'><strong>3,</strong></span> <span class='ocrx_word' id='word_1_404' title='bbox 845 3973 878 4038; x_wconf 83' lang='lat'><strong>5,</strong></span> <span class='ocrx_word' id='word_1_405' title='bbox 894 3979 927 4034; x_wconf 86' lang='lat'><strong>6,</strong></span> <span class='ocrx_word' id='word_1_406' title='bbox 947 3989 974 4028; x_wconf 91' lang='lat' dir='ltr'><strong>et</strong></span> <span class='ocrx_word' id='word_1_407' title='bbox 985 3975 1049 4030; x_wconf 88' lang='lat' dir='ltr'><strong>edit.</strong></span> <span class='ocrx_word' id='word_1_408' title='bbox 1062 3979 1150 4050; x_wconf 82' lang='lat' dir='ltr'><strong>prino.</strong></span> 
     </span>
     <span class='ocr_line' id='line_1_43' title="bbox 89 4053 990 4130; baseline -0.002 -19"><span class='ocrx_word' id='word_1_409' title='bbox 89 4055 180 4127; x_wconf 64' lang='lat' dir='ltr'><strong>ragdos</strong></span> <span class='ocrx_word' id='word_1_410' title='bbox 193 4058 328 4130; x_wconf 81' lang='lat' dir='ltr'><strong>aperiunt.</strong></span> <span class='ocrx_word' id='word_1_411' title='bbox 343 4055 436 4110; x_wconf 82' lang='grc' dir='ltr'>Ηιιιι.</span> <span class='ocrx_word' id='word_1_412' title='bbox 640 4053 724 4106; x_wconf 73' lang='lat' dir='ltr'><strong>selim</strong></span> <span class='ocrx_word' id='word_1_413' title='bbox 738 4066 817 4119; x_wconf 81' lang='lat' dir='ltr'><strong>tersa,</strong></span> <span class='ocrx_word' id='word_1_414' title='bbox 838 4057 922 4106; x_wconf 68' lang='lat' dir='ltr'><strong>nime.</strong></span> <span class='ocrx_word' id='word_1_415' title='bbox 940 4055 990 4110; x_wconf 84' lang='lat' dir='ltr'><strong>Eu.</strong></span> 
     </span>
    </p>
   </div>
   <div class='ocr_carea' id='block_1_6' title="bbox 0 0 1489 5000">
    <p class='ocr_par' dir='ltr' id='par_1_9' title="bbox 0 0 1489 5000">
     <span class='ocr_line' id='line_1_44' title="bbox 0 0 1489 5000; baseline 0 0"><span class='ocrx_word' id='word_1_416' title='bbox 0 0 1489 5000; x_wconf 95' lang='lat' dir='ltr'><strong> </strong></span> 
     </span>
    </p>
   </div>
  </div>
 </body>
</html>
