2950 5000
341 375 412 460 abo
613 374 652 441 C.
679 372 853 443 PblNll
876 373 984 442 Nat.
1011 373 1138 442 HIST.

341 521 597 600 meritorumque
610 505 725 602 jugis,
748 507 782 574 in
803 502 946 574 Alexia¹¹
973 504 1132 600 oppido:
1158 503 1279 600 reliqua
1297 505 1381 602 gloria

340 615 534 744 biturigum
542 612 614 683 fuit.
627 605 768 707 Coeper'e
781 611 902 682 deinde
915 627 950 682 et
966 609 1113 682 esseda¹¹
1115 626 1174 700 ,et
1192 612 1346 700 vehicula,
1357 625 1385 682 et

287 763 292 772 ·
342 704 534 817 petorrita¹³
557 741 745 788 exornare:
736 717 979 856 '⁵¹m¹¹¹¹l¹.¹e.
948 718 1048 788 modo
1071 717 1114 788 ad
1137 743 1237 788 aureo
1260 743 1384 814 quoque,

343 852 412 898 non
426 825 527 897 modo
537 840 695 920 argentea
706 823 867 895 staticula¹
891 827 996 896 manis
1010 824 1140 895 luxuria
1150 828 1309 920 pervenit:
1318 849 1385 920 quae

343 959 408 1029 quc
418 935 452 1002 in
462 932 594 1027 scyphis
602 956 693 1002 cerni
686 932 891 1027 prodigium
902 947 988 1015 erat,
1002 932 1093 1002 haec
1084 957 1117 1002 m
1128 930 1284 1002 vehiculis
1293 933 1386 1018 atteri,

342 1039 452 1111 cultus
466 1053 615 1108 vocatur.
634 1037 765 1106 Plumbi
785 1038 851 1108 albi
873 1040 1138 1134 experimentum
1153 1040 1188 1107 in
1205 1038 1315 1108 charta
1330 1053 1386 1124 eat,

341 1161 381 1215 ut
401 1145 615 1242 liquefactum
641 1141 789 1240 pondere
819 1143 986 1230 videatur,
1012 1170 1080 1214 non
1112 1143 1241 1232 calore,
1270 1147 1386 1241 rupisse.

386 1315 472 1400 11:111
486 1314 586 1366 Alexio.
601 1311 766 1364 Plutarcho
758 1332 786 1365 ιιι
801 1311 858 1365 Cae-
901 1313 1058 1384 Caugium'
1050 1332 1078 1366 ιιι
1098 1313 1186 1368 Gloaa.
1207 1313 1289 1367 verbo
1307 1311 1389 1366 Statua·

343 1414 401 1449 aare
405 1414 453 1466 ,p.
446 1411 533 1464 .,par
545 1385 642 1448 baete
655 1405 703 1444 eat.
717 1392 786 1444 Item
794 1391 860 1444 Vel·
900 1393 976 1446 culm.
997 1393 1122 1448 Staticula
1140 1411 1191 1464 pro
1208 1393 1334 1447 icuncnlia
1347 1411 1389 1448 ear·

343 1476 405 1534 laio,
416 1474 498 1528 Dioni
500 1472 681 1542 ,cateriaqne
689 1471 859 1538 CaesariVlI,
900 1473 1062 1528 blematiave
1074 1484 1183 1544 accepta
1202 1473 1268 1526 olim
1288 1475 1319 1527 ab
1337 1473 1390 1526 arti·

344 1554 447 1619 Alesia,
473 1550 615 1624 oppidum¹
632 1549 857 1614 Mandubiorum,
901 1553 961 1624 quis
978 1553 1170 1625 scriptoribus,
1187 1553 1355 1624 explet-atum,
1366 1565 1390 1606 ιι

344 1633 463 1688 dicitur:
480 1631 596 1686 nuncin
614 1631 719 1684 Ducatu
735 1633 859 1701 Burguu·
900 1630 1018 1686 diximus
1042 1633 1123 1705 paulo
1148 1651 1250 1703 supra,
1282 1631 1392 1705 apertissi-

345 1713 411 1778 diaa,
425 1712 531 1767 dioeceai
551 1709 796 1781 Auguatodunenti,
816 1729 859 1764 re·
901 1731 1030 1785 mumque
1053 1725 1102 1767 eat.
1126 1715 1169 1764 An
1190 1713 1270 1768 ctiam
1294 1726 1319 1768 et
1338 1717 1391 1765 stati·

345 1795 413 1849 tinet
432 1794 550 1865 priscum
569 1809 683 1856 nomen,
703 1792 791 1844 Aliae:
810 1791 859 1844 cir·
902 1793 984 1858 culus,
1002 1793 1089 1861 virili,
1108 1805 1138 1846 ιιι
1153 1791 1238 1858 aiunt,
1254 1813 1353 1865 genere,
1365 1811 1390 1847 eo

346 1875 547 1944 cumjaceneque
564 1889 661 1942 pagus,
681 1871 808 1924 t'Auaeon.
825 1869 859 1923 H.
901 1872 1050 1942 significatu
1063 1871 1165 1926 venerit
1179 1869 1239 1934 (etsi
1252 1875 1325 1928 aliam
1337 1890 1391 1944 pre·

346 1954 468 2006 -Βιοι
480 1971 511 2005 ex
525 1950 602 2003 MSS.
614 1951 680 2022 Reg.
692 1963 719 2004 et
732 1949 775 2004 ed.
784 1951 858 2022 prin·
901 1965 972 2006 terea
982 1955 1056 2011 vocis
1064 1953 1136 2006 illiue
1145 1953 1390 2024 acceptionemlnlaae

347 2035 422 2105 cipe,
433 2037 461 2085 ιἰι
478 2033 574 2085 Alesia.
586 2031 639 2083 En.
901 2033 1078 2086 exlllacrobio
1086 2030 1286 2098 didicimus),ut
1296 2033 1393 2106 aliquan·

390 2132 436 2167 aa.
456 2111 561 2165 Emeda.
574 2109 699 2163 Vebiculi
712 2127 811 2181 genua,
824 2109 861 2162 fa·
901 2109 937 2163 do
949 2110 1190 2175 subdubitaremue,
1199 2112 1263 2167 lecit
1272 2113 1314 2167 bic
1323 2109 1392 2166 Plauti

348 2191 453 2246 miliare
478 2192 506 2245 iu
533 2189 628 2262 primia
655 2189 720 2241 olim
751 2189 858 2259 Belgis:
901 2190 1390 2260 locueinl’eraa,act.V‚ac.a,v.tl:

348 2271 422 2325 unde
434 2270 540 2343 Belgica
555 2267 644 2324 esseda
659 2267 769 2322 Maroni
779 2267 859 2322 dicta.
904 2271 1052 2344 «Nequeo,
1072 2273 1151 2337 leno,
1170 2271 1237 2342 quin
1252 2273 1302 2328 tibi
1317 2271 1391 2327 aalten

235 2364 237 2367 ·
347 2351 440 2406 Hann.
900 2351 1053 2405 staticulum
1066 2351 1145 2416 dem,
1158 2351 1224 2404 olim
1236 2370 1314 2424 quem
1321 2353 1391 2422 nega

392 2432 437 2485 13.
448 2431 485 2483 Et
497 2434 623 2501 petorrita.
637 2430 673 2482 Et
688 2429 802 2481 alterum
815 2445 861 2480 ve·
902 2429 1048 2486 Faciebat:
1067 2431 1128 2485 vide
1147 2449 1228 2499 vcro,
1244 2434 1267 2487 ai
1286 2433 1331 2486 tibi
1346 2431 1393 2483 satia

348 2512 431 2566 biculi
446 2530 542 2581 genua,
554 2510 589 2563 de
601 2528 655 2581 quo
668 2510 726 2563 luae
739 2508 817 2562 Voss.
832 2509 861 2561 iu
903 2512 999 2581 placet.
1018 2533 1058 2567 aa.
1080 2514 1126 2566 Me
1145 2530 1255 2585 quoque
1274 2514 1333 2567 volo
1348 2510 1393 2565 red·

348 2590 467 2663 Etymol.
488 2591 591 2643 Ancon.
613 2608 655 2661 ep.
674 2590 859 2645 8:1Corni-
902 2589 982 2656 dere,
1000 2592 1135 2647 Diodorua
1155 2610 1235 2663 quem
1255 2593 1318 2647 olim
1332 2591 1393 2645 facie·

349 2670 430 2743 pedea
456 2671 562 2741 rapiant
588 2669 704 2741 imposta
731 2669 861 2740 petorrita
902 2669 950 2726 bat
960 2671 987 2723 in
999 2672 1271 2727 Ionia-Turnebum
1281 2674 1333 2727 ecio
1341 2673 1394 2723 stati·

350 2747 567 2804 mulae-allano.
903 2753 1029 2805 colomeo
1045 2753 1097 2806 loci
1113 2770 1164 2823 pro
1179 2753 1394 2822 saltationiageut·

393 2826 748 2893 14.Staticnla.Staticula
773 2828 862 2881 Plinio
904 2849 934 2883 re
945 2848 1090 2903 accepisse
1100 2832 1216 2903 Hegeam
1230 2846 1255 2885 et
1264 2830 1393 2885 Diodorum

350 2924 414 2964 sunt
430 2928 557 2991 imagines
571 2920 597 2961 et
612 2908 784 2973 emblemata,
800 2907 862 2980 qui·
904 2911 985 2963 luisse
1007 2912 1159 2975 saltatores,
1179 2908 1214 2965 de
1234 2912 1328 2984 quibua
1346 2908 1394 2963 alibi

350 2994 400 3044 bua
414 3002 441 3042 et
454 3007 549 3042 currus
558 2999 585 3039 et
600 2987 715 3060 scyphos
726 3000 804 3039 etiam
820 2988 861 3039 in·
904 2990 973 3043 nihil
1000 2989 1146 3084 quidquam
1182 2991 1286 3063 legerit.
1311 2992 1394 3043 Verum

349 3081 468 3125 eructare
497 3080 576 3139 atque
604 3085 732 3121 exornare
760 3066 863 3139 antiqui
906 3071 1160 3144 quumiuiiraignia
1168 3089 1230 3142 quaa
1243 3071 1395 3141 eximiopre·

350 3150 478 3203 colebant.
497 3148 581 3200 Cicer.
594 3146 679 3219 sigilla
692 3159 755 3200 eunt
771 3146 820 3199 Or.
823 3148 863 3200 vt
905 3150 997 3209 sertim
1016 3170 1098 3223 opere
1119 3150 1284 3217 elleciaaent,
1300 3148 1394 3204 autam·

351 3250 378 3283 ιιι
391 3230 469 3282 Verr
481 3248 510 3281 n.
531 3231 591 3292 48:
603 3226 766 3298 Apposuit
779 3228 863 3297 pntel
905 3231 970 3283 bere
988 3249 1034 3284 eua
1047 3249 1155 3285 nomana
1172 3244 1289 3286 statuarii
1303 3243 1396 3285 toman-

351 3308 428 3363 lam'
419 3328 448 3360 ιιι
469 3326 521 3380 qua
536 3305 618 3378 tigilla
639 3318 715 3359 eraut
729 3306 863 3378 egregia...
906 3310 1005 3371 lerent,
1023 3301 1101 3381 Ἡγίας
1122 3312 1216 3373 inuita,
1232 3310 1324 3381 Hegias
1333 3310 1395 3377 sane·

351 3388 450 3461 sigillis
460 3387 558 3440 avolare
575 3386 709 3457 reliquum
713 3398 863 3481 argentum
908 3388 949 3442 bat
956 3391 1075 3461 ,aliique
1088 3390 1232 3445 similiter.
1247 3380 1395 3460 fueritqueid

350 3464 504 3523 reddidit.
519 3466 620 3537 Scypbi
633 3485 696 3519 vero
711 3466 744 3519 iia
761 3468 863 3533 ornati,
906 3469 1063 3524 Atheniensi
1092 3470 1217 3524 statuario
1244 3488 1349 3534 nornen,
1370 3462 1395 3517 dt

350 3546 455 3641 sigillati
471 3545 535 3600 dicti
549 3543 664 3610 ibidem,
677 3565 706 3599 n.
721 3546 769 3599 32.
786 3545 863 3599 Alio·
907 3568 961 3621 quo
980 3550 1102 3623 nuperius
1118 3550 1221 3621 egimus
1242 3550 1317 3603 aab
1310 3547 1394 3601 initium

352 3648 399 3701 qm
391 3625 579 3690 staticulum
596 3626 652 3679 eive
668 3624 863 3692 atatunculum,
907 3647 965 3701 cap.
988 3647 1032 3697 19,
1049 3648 1082 3684 an
1101 3628 1136 3683 ad
1154 3630 1226 3683 illiue
1237 3626 1317 3683 modo
1332 3639 1395 3697 open

351 3718 504 3778 promatur
523 3725 569 3759 eeu
589 3704 707 3776 imagine
727 3724 744 3759 a
756 3706 863 3759 Tertul·
908 3709 1019 3763 Plautus
1035 3707 1150 3773 alludat,
1168 3709 1281 3781 amplius
1297 3701 1395 3761 oonaidt-

352 3788 423 3839 liano
442 3797 468 3838 et
486 3785 651 3857 Hieronymo
672 3786 767 3858 saepius
784 3804 864 3839 naur-
907 3787 1021 3841 randum
1039 3808 1142 3843 censeo.
1164 3790 1199 3842 llt
1219 3786 1329 3841 Diodori
1345 3780 1396 3837 aeol-

352 3878 461 3938 patmn,
481 3878 544 3918 ante
562 3884 612 3918 noa
631 3863 792 3919 adnotavere
809 3866 862 3919 alii.
907 3868 991 3939 ptoria
1007 3870 1081 3923 Plato
1096 3869 1219 3923 meminit
1231 3888 1259 3921 m
1274 3867 1347 3920 Antb.
1357 3861 1395 3923 ll'

353 3946 468 3998 Consule
484 3945 665 4011 Schellerum,
680 3942 715 3999 de
730 3947 770 3998 lle
788 3946 863 4003 vebi-
911 3966 960 4015 aa,
984 3948 1011 4001 in
1031 3950 1222 4023 epigrammate
1245 3942 1350 4019 eleganti
1370 3936 1395 3991 dt

251 4083 253 4087 .
351 4024 436 4079 culari
451 4036 514 4078 vett.
533 4026 546 4077 1
554 4028 645 4092 ,aofi,
661 4038 688 4078 et
705 4025 742 4079 V.
762 4024 803 4081 Cl.
820 4027 863 4079 Du
907 4027 994 4101 Satyri
1009 4030 1113 4100 effigie·
1125 4020 1394 4099 Ttvzemoinittne
