2950 5000
450 435 609 503 LIBER
639 436 842 504 xxxvii.
1110 432 1183 506 603

113 567 204 660 pitur
231 557 443 660 sanguine²⁴3
480 590 588 660 neque
612 566 709 637 aliter
731 592 831 661 quam
858 569 984 636 recenti
1011 566 1183 663 calidoque

112 686 291 757 macerata,
307 686 343 739 et
362 672 409 741 sic
429 696 561 765 quoque
577 671 688 741 multis
708 674 849 742 ictibus:
867 674 1081 756 macedam,
1103 700 1192 769 prm.
1271 674 1278 689 “

112 794 263 871 terquam
280 778 436 862 eximias,
448 777 584 847 incudes
599 778 800 873 malleosque
814 778 978 873 frangens.
997 781 1102 873 Cujus
1116 780 1182 850 hoc
1203 774 1220 827 ⁵

110 886 247 977 ingenio
260 881 646 979 inventumlquovecasu
657 883 841 980 repertum?
849 899 908 953 aut
921 908 994 978 quae
1002 884 1065 954 iuit
1075 888 1183 979 conje-

111 1004 208 1059 ctura
221 989 412 1084 experiendi
425 1016 495 1058 rem
504 992 656 1059 immensi
674 991 803 1075 secreti,
813 1005 847 1059 et
864 990 897 1057 in
909 990 1087 1060 foedissimo
1111 994 1181 1059 ani-

111 1094 272 1165 malium?
291 1095 484 1194 Numinum‘
495 1096 645 1190 profecto
660 1098 807 1165 muneris
826 1096 899 1165 talis
913 1098 1060 1167 inventio
1076 1099 1183 1167 omnis

113 1216 173 1270 est.
199 1203 273 1271 Nec
300 1201 477 1295 quaerenda
502 1204 536 1269 in
558 1201 623 1271 ulia
643 1218 738 1296 parte
758 1216 884 1271 naturae
907 1204 1011 1285 ratio,
1040 1203 1097 1272 sed
1119 1228 1183 1272 vo-

112 1305 235 1377 lontas.
247 1310 293 1375 Et
309 1331 414 1401 quum
430 1307 570 1377 feliciter
583 1334 740 1403 rumpere
755 1310 906 1402 contigit,
919 1310 953 1376 in
974 1323 1043 1377 tam
1062 1332 1182 1403 parvas

109 1412 278 1507 frangitur
292 1428 438 1498 crustas,
453 1429 491 1482 ut
508 1416 600 1483 cerni
613 1416 667 1482 vix
681 1418 817 1508 possint.
833 1417 1045 1508 Expetuntur
1058 1438 1078 1481 a
1096 1415 1183 1483 scai-

108 1507 308 1612 ptoribus²⁵,
326 1519 482 1613 ferroque
497 1519 722 1601 includuntur,
741 1519 865 1587 nuliam
888 1544 955 1588 non
974 1520 1128 1590 duritiam
1143 1546 1184 1590 ex

108 1624 199 1693 facili
222 1640 387 1694 cavantes.
417 1625 558 1695 Adamas
578 1625 714 1695 dissidet
738 1650 815 1695 oum
841 1639 994 1719 magnete
1020 1624 1128 1720 lapide
1149 1628 1183 1694 in
1202 1641 1219 1691 6

108 1716 285 1815 tantum²⁶‚
308 1746 346 1799 ut
355 1731 451 1823 juxta
465 1734 594 1825 positus
609 1732 735 1801 ferrum
761 1757 829 1800 non
852 1733 996 1825 patiatur
1018 1732 1182 1801 abstrahi:

151 1936 199 1993 ²4·
225 1930 331 1981 Hircirro
354 1934 474 2000 rumpitur
498 1934 623 2000 sanguine.
671 1952 683 1973 ι
697 1929 857 1983 Adamantis
870 1930 1024 2000 fragmentis
1042 1930 1187 2001 scalptores

107 2008 222 2063 Ganias
238 2010 272 2061 ab
290 2008 376 2061 Hosto
392 2022 533 2079 expertum
550 2028 579 2062 se
595 2010 624 2062 id
669 2028 721 2079 pro
735 2010 848 2080 gemmis
860 2008 1035 2079 insigniendis
1046 2010 1184 2080 perioran·

107 2089 219 2151 scribit,
242 2086 289 2141 sed
308 2106 375 2141 vana
390 2107 448 2159 spe.
467 2092 571 2143 Danao.
585 2120 625 2132 -—
669 2089 764 2159 disque
777 2101 916 2141 umatus.-
933 2088 1060 2141 Aihertus
1071 2088 1185 2160 Magnus

106 2169 218 2219 Hireino
238 2172 357 2237 rumpitur
374 2174 498 2238 sanguiris.
521 2170 627 2240 Negant
669 2167 703 2222 de
718 2170 816 2220 Miner.
834 2169 879 2221 iib.
894 2169 931 2229 ΙΙ,
940 2179 1016 2219 tract.
1031 2187 1095 2238 s,p.
1111 2188 1183 2239 ²²7²

105 2246 163 2299 luoc
185 2264 243 2299 esse
261 2265 355 2301 rerum
375 2247 535 2301 recentiores
554 2250 625 2318 pisy·
673 2273 685 2297 ι
697 2247 1057 2318 Hicantemiapispenetrat
1069 2248 1184 2313 serrum,

105 2326 175 2391 sici,
194 2326 248 2379 nisi
266 2327 357 2379 hircus
374 2341 452 2381 antea
465 2328 633 2398 petroselino.
670 2340 696 2380 et
711 2338 820 2379 crateras
839 2344 956 2397 gemmas
967 2344 1077 2391 omncs,
1088 2340 1184 2397 praeter

105 2405 228 2459 acsilere
235 2418 362 2459 montano
369 2408 626 2478 pastnssit:hisher·
669 2406 828 2476 chalybem,
848 2407 875 2457 in
893 2423 948 2475 quo
968 2406 1133 2458 retinetur.»
1147 2405 1183 2459 Η.

105 2486 150 2540 bis
158 2484 301 2556 frangendi
312 2488 367 2538 vim
378 2487 512 2541 hircinum
522 2487 625 2558 sangui·
669 2517 709 2529 -
719 2480 821 2540 Nullum
836 2506 883 2538 non
895 2485 1009 2538 duritiam
1020 2507 1051 2537 ss
1058 2486 1134 2554 facili
1142 2507 1186 2539 ea·
1281 2549 1288 2560 ,

104 2585 173 2620 nem
186 2565 298 2634 adipisci
312 2588 318 2617 :
333 2563 401 2618 adeo
415 2580 445 2620 nt
459 2579 519 2620 rota
534 2585 624 2619 muru·
671 2577 761 2618 rarus.
778 2567 819 2618 En
842 2565 979 2638 egregium
1000 2567 1064 2620 artis
1081 2567 1185 2636 experi-

27 2704 31 2715 .
105 2647 149 2698 ria
166 2645 224 2698 solu
245 2645 323 2698 hirco
342 2647 476 2711 enutrito,
495 2663 545 2716 per
567 2644 625 2698 dies
669 2657 873 2717 mentum,quo
886 2645 1032 2716 antiquitus
1041 2644 1186 2698 durissima

104 2724 625 2797 qnadraginta,prohibitoqueabomni
669 2743 783 2796 quaque
806 2725 945 2778 adamante
974 2725 1056 2778 fuisse
1082 2725 1187 2795 sculpta

104 2818 196 2875 pota,
209 2804 262 2856 nisi
276 2805 367 2856 utsuh
378 2818 485 2858 noctem
503 2805 623 2874 pluviam
669 2805 839 2858 manifestum
858 2816 906 2857 est.
924 2803 957 2856 Et
971 2804 1185 2876 antiquissimum

104 2881 279 2936 decidtem
286 2884 424 2948 lamberet,
431 2884 563 2937 interiecti
569 2901 627 2936 san·
670 2902 727 2938 esse
742 2884 818 2936 ilium
833 2901 909 2936 usum
921 2901 977 2934 non
989 2881 1071 2936 modo
1081 2895 1185 2936 constat

103 2965 222 3034 gainem
232 2962 503 3024 leniterexsiccatum,
516 2963 627 3018 consmi-
669 2962 750 3016 Plinii
770 2963 940 3024 anctoritate,
955 2961 1002 3014 sed
1021 2975 1048 3014 et
1061 2963 1185 3014 Jeremiae

102 3040 213 3095 sinendi
231 3042 325 3094 calculi
343 3060 421 3096 causa
440 3043 515 3114 agris
534 3043 626 3114 propi·
670 3043 757 3096 multo
779 3041 946 3112 antiquioris.
965 3041 1065 3092 ierem.
1086 3041 1185 3106 nvn,

104 3134 204 3177 natum
219 3139 290 3186 esse,
305 3122 458 3175 felicissimo
469 3135 577 3176 eventa.
589 3123 624 3175 li.
674 3137 699 3174 1.
716 3125 808 3174 Artem
820 3120 885 3172 oiim
895 3119 1059 3172 notissimam
1075 3137 1187 3172 renova-

104 3201 626 3272 -Hirciuorusrpirursarsgus'ne.1·'abula
669 3201 709 3254 vit
726 3200 795 3253 circa
815 3217 914 3252 annum
936 3196 1010 3268 1475
1029 3197 1185 3252 Lndovicus
1260 3219 1264 3229 ·

104 3299 200 3344 mera,
212 3279 257 3332 cui
267 3298 302 3333 ne
309 3282 390 3336 ailam
398 3280 526 3352 adjiceres
532 3279 624 3346 isdem,
671 3279 851 3350 Bsrquemius.
866 3279 950 3331 Bnor.

103 3363 186 3414 bono
199 3359 626 3414 Haeduinosatiseratilaiecum·
657 3422 660 3433 Ι
713 3363 759 3413 26.
778 3358 887 3410 Dissidet
905 3376 958 3408 cum
977 3369 1086 3426 magnete
1106 3357 1186 3427 lupide

104 3441 148 3510 pii
162 3451 255 3492 notam
272 3439 423 3510 inspexisse.
442 3439 518 3492 Hanc
538 3438 626 3492 dirui·
671 3442 697 3491 in
716 3451 825 3502 tantum,
846 3449 887 3495 ut,
909 3449 960 3491 eto.
977 3437 1139 3492 Fabulosum
1156 3437 1185 3490 id

105 3535 200 3594 garam
211 3519 420 3574 creditiabuiam
429 3519 583 3583 Broterius,
597 3530 628 3570 nt
672 3535 782 3590 qnoque
794 3517 902 3571 Garoias
913 3517 946 3568 ab
960 3517 1061 3581 Horto,
1074 3535 1130 3569 non
1148 3535 1186 3568 se·

105 3599 262 3655 adamantis
273 3597 414 3670 frangendi
427 3611 510 3652 artem
524 3615 626 3650 merca-
671 3598 724 3649 mei
738 3611 876 3668 expertos,
885 3595 975 3649 tradit.
986 3597 1056 3650 Dar..
1065 3627 1105 3638 -
1115 3595 1186 3648 Ada-

106 3695 185 3735 tores
194 3678 339 3749 opificesre
349 3679 522 3732 occultarent.
533 3678 586 3730 Eo.
671 3697 732 3730 mos.
746 3677 785 3730 ita
802 3677 926 3740 Solinus,
941 3673 1074 3739 Isidorus,
1089 3675 1185 3728 Aiber·

150 3765 198 3813 25.
211 3757 627 3828 ExpetunturascuiptoribusAEo·
672 3769 729 3820 tas,
751 3755 817 3809 iocis
837 3755 932 3809 citatis.
955 3753 1131 3818 Marbodeus‚
1150 3753 1185 3808 de

106 3841 197 3901 linos,
212 3839 264 3890 loc.
277 3837 505 3908 cit-Fragmenta
513 3837 628 3906 scalpto—
672 3832 767 3906 Lepid.
789 3848 857 3904 pret.
879 3853 937 3904 cup.
964 3851 998 3887 r:
1025 3859 1036 3880 ι
1050 3833 1185 3888 Omnibus

107 3921 187 3972 ribos
210 3917 239 3970 in
252 3935 330 3970 nsum
343 3915 520 3987 insignienda
536 3919 626 3986 cnjus·
671 3927 846 3986 aequatam
866 3914 906 3966 vis
925 3927 964 3966 est
979 3911 1111 3966 adducere
1131 3915 1184 3967 ier·

110 3995 428 4067 mmquemodigemmoe
435 4007 623 4067 expetamus.-
672 4013 750 4048 rums
761 3993 842 4059 Quod
853 3993 951 4047 incitet
962 4009 1069 4064 magnes
1076 3985 1196 4046 absente¹

109 4076 336 4147 Isidorus‚Orig.
349 4075 399 4130 lib.
412 4077 493 4140 XVI,
505 4093 564 4145 cap.
586 4078 624 4129 8:
669 4087 769 4146 potens
792 4073 933 4134 manse
951 4093 956 4123 :
976 4073 1045 4126 Nam
1065 4091 1182 4144 presens
