2950 5000
427 449 586 518 LIBER
606 449 763 518 XXXV.
1059 449 1129 524 303
1205 511 1218 534 ,

94 586 216 677 pictores
227 593 362 712 propter
376 578 511 650 nimiam
528 580 802 676 pinguitudinem.
822 581 1032 652 decubantes
1046 584 1129 654 ello·

94 689 172 757 diunt
183 689 223 756 ibi
241 741 251 772 ‚
267 690 353 756 inter
367 709 445 756 saxa
459 711 561 756 venas
575 701 772 756 scrutantes.
787 689 826 756 In
843 675 1025 758 medicina⁴
1039 713 1131 760 eum·

94 793 154 864 den
169 818 256 864 usum
270 778 401 880 babet⁵‚
418 815 516 887 quem
537 794 663 862 Eretria
683 806 786 862 creta.
804 795 964 862 Praeterea
984 792 1131 890 linguam

93 915 167 968 tastu
181 885 303 970 sicud.
320 897 409 967 Pilos
428 897 573 968 detrahit
593 913 628 967 et
642 900 783 993 mitigat.
804 900 953 968 Pmtium
975 900 1008 969 in
1032 899 1131 972 libres

92 1007 208 1075 sestertii
228 1003 355 1098 singuli.
369 1007 431 1073 Est
447 1019 482 1074 et
499 1003 590 1074 colos
608 1007 725 1073 tertius
744 1029 762 1073 e
784 1004 954 1091 candidis,
973 1029 1131 1094 cerussae,
1230 1007 1235 1018 '

92 1111 168 1204 eujus
179 1114 331 1180 rationem
346 1112 382 1178 in
398 1108 526 1204 plumbi
541 1108 681 1180 metallis
693 1109 835 1180 diximus
843 1097 865 1180 ⁸.
887 1109 981 1179 Fuit⁹
995 1125 1029 1180 et
1044 1127 1132 1182 terra

91 1241 179 1309 perse
195 1220 227 1286 iu
236 1216 403 1286 Theodoti
418 1215 524 1284 fundo
536 1215 560 1240 ¹⁰
578 1218 713 1285 inventa
731 1212 898 1309 smyrne,
920 1241 985 1312 qua
1003 1233 1132 1288 veteres

89 1321 122 1390 sd
133 1326 252 1392 navium
271 1324 420 1417 picturas
435 1323 625 1392 utebantur.
644 1325 743 1392 Nunc
761 1325 869 1392 omnis
888 1347 928 1392 ex
946 1321 1084 1418 plumbo
1099 1340 1133 1395 et

90 1443 166 1497 aceto
183 1427 263 1514 fit''‚
279 1439 317 1498 ut
335 1428 487 1496 diximus.

130 1537 197 1604 xx.
210 1537 292 1604 Usta
301 1559 383 1604 casu
396 1531 546 1635 reperta'
560 1533 715 1604 incendio
731 1533 860 1618 Piraei,
872 1557 1004 1604 cerussa
1026 1537 1059 1604 in
1080 1560 1130 1604 or·
1150 1571 1163 1608 1

89 1641 125 1708 eis
140 1655 283 1710 cremata.
316 1643 390 1708 Hac
411 1641 540 1733 primus
561 1664 640 1708 usus
668 1653 718 1708 est
737 1639 850 1708 Nicias
871 1638 990 1734 supra²
1012 1640 1129 1711 dictus.

88 1745 200 1840 Optima
226 1772 316 1817 nunc
339 1747 484 1815 Asiatica
509 1745 663 1832 habetur,
683 1770 758 1840 quae
776 1759 810 1814 et
830 1771 1000 1841 purpurea
1018 1746 1132 1843 appel-

117 1933 140 1988 3.
149 1935 275 2004 modim
285 1934 330 1987 tbi.
344 1933 572 1988 InSamn.Then·
616 1944 656 1986 est
671 1933 819 1988 inventurn.
837 1959 849 1980 ι
870 1934 932 1988 Fuit
945 1934 1072 1989 nimirum
1082 1975 1091 2002 ,
1101 1950 1131 1992 ut

85 2014 166 2084 phut.
179 2017 227 2068 loe.
242 2015 286 2069 eit.
299 2007 395 2064 llnn.
617 2011 754 2084 Fallopius
773 2011 963 2068 animadvertit
973 2015 1008 2078 V,
1029 2019 1079 2079 18,
1092 2015 1132 2070 di·

117 2097 176 2156 Ηι
191 2094 314 2148 wine
340 2093 429 2145 Diosr.
446 2091 503 2144 brec
523 2103 574 2146 tot·
616 2109 708 2146 sersus
727 2110 839 2146 cerusse
860 2094 948 2160 colos,
968 2093 1039 2165 apud
1060 2097 1132 2151 suti·

86 2171 142 2226 idm
156 2176 207 2228 lere
218 2174 325 2237 verbis,
341 2171 379 2224 de
390 2184 460 2224 terra
476 2171 574 2237 Melia,
616 2189 684 2242 quos
701 2188 708 2224 ε
722 2190 806 2243 quum
821 2171 872 2226 alis
885 2171 1075 2238 eandidissima
1088 2176 1132 2228 ln·

86 2251 114 2316 V,
121 2273 144 2325 p.
160 2257 215 2310 180.
227 2252 320 2304 lisam
615 2263 672 2313 ret,
691 2250 743 2304 slis
764 2251 852 2305 minus
872 2267 879 2304 :
898 2252 949 2306 slis
971 2254 1133 2322 rubescens,

116 2329 574 2400 ⁵·Eudemmtabss.smguinis
616 2330 667 2382 slis
685 2328 768 2382 livida
784 2351 794 2382 s.
813 2349 874 2403 quss
890 2331 979 2386 forsan
1003 2331 1131 2388 viridiss

83 2410 181 2468 sistendi.
193 2415 260 2468 Du..
617 2409 745 2462 Vitruvio
755 2409 915 2481 appellatur.
931 2411 1022 2466 llus).

115 2495 263 2565 §.Linguae
280 2503 350 2546 taetus
366 2493 451 2543 siccat.
470 2487 574 2542 Alerni·
660 2508 703 2543 ιο.
721 2489 751 2541 In
774 2489 893 2545 Theodosi
905 2490 996 2560 suado.
1020 2491 1132 2547 Cerussa

84 2590 137 2626 uste
150 2574 328 2646 gnstnDiose.
344 2571 414 2623 Du„
428 2599 466 2611 -··
481 2566 572 2623 Siccus.
615 2567 661 2621 ills
689 2567 778 2622 nstivs
807 2570 876 2625 forte
903 2573 1007 2626 minere
1028 2571 1133 2643 plumbi

84 2650 127 2705 llas
139 2655 272 2709 vernacule
290 2650 422 2714 dicimus,
447 2649 538 2721 lupper
556 2648 574 2701 d
617 2660 656 2701 est
674 2637 765 2717 (plomb
779 2645 935 2715 verbosare),
957 2668 1030 2723 qun,
1051 2650 1132 2705 modo

84 2730 197 2803 lslnjoe,
213 2736 265 2789 En.
615 2728 744 2798 paruit,
755 2744 865 2783 neruum
881 2730 980 2785 fictitie
996 2728 1066 2803 apud
1080 2750 1133 2785 nos

113 2830 135 2882 7.
146 2814 180 2867 Et
191 2817 295 2885 niss'gst.
313 2812 466 2872 Extenuat,
479 2807 573 2861 tmt·
615 2804 761 2877 sliqnendo
774 2808 912 2865 miscetur.
927 2809 978 2863 En.

83 2910 110 2943 m
120 2892 159 2955 rie
165 2898 258 2966 τρίχας,
272 2893 366 2946 Diose.
381 2892 433 2943 loe.
446 2888 494 2940 cir.
507 2884 541 2939 ll.
658 2903 703 2940 ss.
716 2884 844 2957 Aretofit.
857 2888 936 2941 Nune
948 2888 1037 2943 omnis
1045 2908 1133 2943 cerus-

114 2972 183 3027 tls
202 2972 297 3043 ptati
325 2971 431 3023 metallis
458 2966 573 3019 dirimas.
617 2984 645 3019 ss
660 2963 737 3018 liter
755 2966 868 3035 plumbo
883 2978 910 3020 et
927 2980 1018 3033 seete,
1042 2982 1073 3021 ut
1092 2968 1133 3023 di·

59 3094 65 3104 .
82 3047 129 3104 Lib.
139 3053 261 3118 XXXIV,
276 3051 326 3115 64.
338 3048 431 3101 llun.
616 3058 692 3099 etum
705 3058 745 3098 est
758 3063 839 3116 suprs
849 3045 898 3100 lib.
907 3046 1037 3113 XXXIV,
1046 3065 1070 3101 e.
1085 3046 1132 3113 54.

114 3150 136 3199 9.
149 3134 212 3187 Μ.
224 3131 304 3197 Fuit,
317 3130 424 3201 inquis,
438 3137 467 3179 et
481 3122 517 3178 sd
529 3142 574 3177 eo·
617 3124 704 3179 Bsor.

82 3204 149 3265 lesem
176 3210 323 3269 esndidurn
353 3223 424 3262 terre
451 3201 573 3277 quedam
658 3203 721 3255 XX.
738 3222 763 3257 1.
780 3203 841 3257 Usta
858 3224 916 3257 essu
932 3218 1037 3276 reperta.
1056 3204 1133 3261 Idem

82 3302 130 3357 ’με
137 3310 241 3347 eman
252 3290 335 3362 plane
349 3306 408 3359 psr,
422 3298 449 3339 et
463 3302 495 3337 eo
506 3300 574 3354 quo·
617 3282 674 3336 l'ere
687 3282 867 3353 Tbeepbrsst.
881 3284 928 3337 lib.
942 3286 997 3356 sspl
1015 3285 1085 3340 λίθων
1099 3284 1134 3341 de

82 3372 300 3438 terminemus
312 3362 575 3435 tamenexplumba,
616 3361 700 3415 nebrs
721 3362 750 3414 in
770 3362 905 3417 rubricam
922 3376 1025 3418 mutsts
1041 3364 1134 3420 ineen-

81 3446 119 3499 sed
133 3468 161 3503 ex
180 3453 234 3524 ipss
252 3450 352 3504 tellure
372 3464 421 3517 per
438 3462 467 3497 se
490 3454 573 3504 note.
616 3438 664 3495 dio
679 3443 805 3494 taberne.
819 3444 886 3495 Dar..
902 3474 942 3485 --
961 3444 1031 3497 Usta.
1046 3445 1134 3509 Quam

81 3528 141 3596 quui
153 3533 238 3585 nstirs
250 3545 368 3583 neruus.
378 3524 489 3577 Vitrnv.
501 3521 573 3587 vn,
616 3520 736 3590 pistores
750 3533 834 3573 ustam
849 3535 966 3591 vocent,
981 3540 1014 3577 ex
1030 3542 1134 3577 cerussa

83 3609 246 3681 7.psg.139,
262 3606 382 3666 terram,
405 3620 452 3655 seu
473 3612 574 3655 cretam
616 3598 649 3653 fit
660 3610 787 3653 oeemsts.
799 3600 899 3654 Affinis
916 3614 954 3655 est
966 3601 1134 3657 sandarachae

81 3684 176 3742 viridem
199 3702 299 3743 ronst:
331 3710 344 3735 ι
359 3684 438 3737 Crete
462 3678 574 3747 viridis,
617 3676 793 3743 adulterina,
815 3678 921 3751 deque
943 3698 1002 3751 esp.
1025 3701 1076 3747 ss,
1090 3680 1135 3735 ssd

82 3760 164 3837 inquit,
187 3769 312 3841 pluribus
343 3763 409 3817 locis
430 3760 570 3813 nascitur:
617 3760 706 3813 multo
727 3758 904 3830 prestantior.
919 3759 1046 3813 Olfieinn
1064 3778 1136 3815 nune

81 3842 117 3895 ted
132 3848 225 3919 optim·
243 3848 376 3915 Smyrna.
390 3839 465 3894 llsne
483 3851 572 3892 sutem
618 3837 734 3891 minium
747 3851 861 3905 vocent,
877 3850 904 3892 et
923 3842 988 3891 mine
1007 3839 1037 3891 ds
1044 3840 1135 3912 plomb.

81 3919 151 3979 (inei
184 3923 307 3982 otoldi-m
352 3932 462 3985 vonam,
499 3914 574 3990 quod
618 3916 705 3971 u.-
718 3917 797 3971 Cani.
809 3916 844 3971 de
855 3936 961 3973 serusss
978 3918 1040 3972 Ere.
1052 3921 1093 3973 IV
1101 3918 1137 3973 sd

82 3999 216 4061 Theodorus
239 4004 352 4061 nornine
375 4001 477 4062 luunt,
498 3998 574 4069 enjus
619 3997 684 4052 esle-
699 3996 833 4068 snperior.
848 3996 896 4051 lib.
913 3998 965 4051 Eu.

82 4078 192 4139 islsndo
209 4084 238 4141 id
256 4100 344 4157 genas
360 4090 440 4133 crete
459 4077 576 4148 primum
664 4077 866 4147 sumamma
877 4077 1042 4149 distmcsp.
1052 4077 1135 4131 rell.
