2950 5000
390 477 551 546 LIBER
573 477 759 548 XXXVI.
1038 479 1111 566 435

80 635 159 708 gnare
169 616 336 712 inciperet,
346 612 414 682 hoc
428 625 495 698 est,
506 609 707 706 Olympiade
720 611 893 682 circitern.
903 613 1114 710 IiSicyonem

80 743 106 788 se
115 717 278 806 contulere,
289 743 364 814 quae
375 718 433 788 diu
444 717 507 786 fuit
516 717 727 786 officinarum
742 719 891 788 omnium
905 721 1115 792 metallorum

80 827 169 918 patria.
183 829 325 895 Deonsm
342 823 566 918 quorumdam
584 821 759 893 simulacra
778 823 910 919 publice
925 825 1118 897 locaverant

79 931 208 1024 Sicyonii,
221 955 291 1027 quae
304 933 508 1026 priusquam
523 927 792 1017 absolverentur,
806 931 950 1002 artiliees
962 935 1117 1028 injuriam

78 1039 160 1130 questi
176 1039 322 1108 abierunt
343 1039 380 1105 in
398 1033 532 1106 AEtolos.
557 1038 713 1106 Protinus
731 1023 927 1130 Sicyonem³
946 1039 1050 1110 fames
1069 1041 1120 1109 iu·

80 1143 144 1212 rasit
156 1167 190 1214 ae
202 1143 369 1227 sterilitaS‚
390 1165 580 1237 moerorque
593 1141 694 1211 dirus.
716 1141 913 1212 Remedium
932 1146 1121 1238 petentibus

79 1247 173 1342 lpollo
180 1235 527 1344 Pythiusaffuturum⁴
538 1247 727 1344 respondit,
743 1249 770 1316 si
785 1249 949 1343 Dipoenus
957 1266 992 1320 et
1006 1249 1123 1346 Scyllis

79 1352 189 1423 ἀοοιοοιο
209 1355 385 1426 simulacra
405 1354 627 1450 perfecissent.
644 1352 746 1443 Quod
760 1355 893 1448 magnis
914 1357 1124 1427 mercedibus

81 1458 200 1554 obsequii
261 1463 514 1555 eimpetratum
542 1473 601 1528 est.
626 1463 731 1528 Fuere
756 1473 866 1528 autem
890 1460 1066 1534 simulacra
1085 1487 1125 1532 ea

80 1564 210 1660 Apollinis
230 1551 398 1656 ,Diana-0⁶,
411 1563 574 1654 Herculis,
587 1567 768 1652 Minervae,
779 1565 870 1660 quod
885 1567 994 1638 ecaelo
1009 1583 1125 1665 postea

81 1683 179 1740 tutum
196 1687 252 1742 est

119 1767 172 1868 (v.)
185 1779 295 1868 Quum
312 1779 336 1846 ii
355 1791 485 1861 essent,
498 1776 566 1870 jam
586 1776 719 1846 fuerant
734 1779 769 1846 iu
788 1777 875 1846 Cbio
892 1777 999 1848 insula
1012 1778 1122 1850 Malas
1139 1808 1154 1841 ι

80 1881 292 1977 sculptor,dein
303 1883 392 1953 filius
404 1883 474 1976 ejus
485 1881 677 1964 Micciades,
691 1906 730 1951 ac
742 1881 861 1952 deinde
874 1907 978 1978 nepos
988 1886 1128 1956 Antber·

82 1988 150 2080 φοῦ
167 1989 285 2078 Chius,
308 1989 405 2084 cujus
427 1987 486 2057 lilii
505 1987 651 2085 Bupalus
668 2001 703 2060 et
719 1977 943 2060 Antbermus⁸
955 1989 1128 2063 clarissimi

79 2144 221 2212 eisaealilia
235 2161 336 2217 nepos,
354 2155 472 2214 expatre
485 2143 565 2197 Cant·
607 2143 731 2209 edemus,
758 2145 834 2212 cujus.
866 2145 904 2198 Et
928 2147 1017 2200 statim
1042 2167 1124 2208 mox.

81 2222 475 2292 bysel’ersa.sueeessit.llsan.
608 2223 728 2288 Athenis,
756 2243 811 2276 non
828 2225 991 2292 Amiternus,
1015 2241 1045 2282 ut
1068 2229 1127 2302 ipse

111 2303 132 2356 ἱ.
149 2303 273 2376 Sisyoaesa.
293 2304 380 2357 Gron.
401 2315 428 2357 et
445 2301 487 2355 Al.
505 2313 567 2355 ante
609 2301 694 2356 Hard.
709 2303 737 2354 in
753 2299 871 2356 editione
883 2323 930 2357 sua
941 2306 1041 2376 priore.
1053 2308 1105 2362 En.

81 2378 143 2436 Μ
154 2384 280 2450 Sicyonios.
296 2385 350 2436 En.
651 2383 678 2435 8.
692 2381 804 2452 Bupalus
819 2395 843 2433 et
856 2385 1013 2438 Anthemus.
1030 2387 1126 2459 Bupali

112 2467 133 2525 i.
142 2465 285 2532 Affmsraas.
299 2461 376 2516 Hanc
387 2477 479 2515 vocem
492 2459 565 2513 Brot.
607 2459 732 2535 meminit
752 2461 893 2516 Pausanias
907 2464 935 2517 in
948 2465 1127 2535 Messeniacis,

81 2542 178 2597 sauss.
191 2546 273 2617 liegg.
291 2554 318 2597 et
338 2540 403 2595 edit.
419 2541 504 2613 princ.
520 2538 568 2594 de·
609 2558 670 2612 pag.
694 2546 761 2611 ηιξ,
780 2553 806 2593 et
826 2542 854 2593 in
872 2544 956 2598 limos.
974 2563 1034 2617 pag.
1055 2550 1109 2616 596
1119 2568 1129 2613 ς

82 2618 115 2672 let
127 2622 171 2677 En.
611 2618 754 2673 Athenidis
769 2618 876 2685 Suidas,
895 2622 977 2677 verbo
998 2617 1127 2690 laudeni.

112 2698 133 2753 5.
149 2704 272 2773 Apollinis.
292 2698 326 2754 Id
342 2698 514 2753 simulacrum
535 2697 569 2751 ab
611 2698 655 2752 Sic
673 2701 746 2751 euim
765 2700 881 2770 appellat
900 2722 950 2773 pro
969 2706 1127 2761 Antbermo.

81 2774 182 2851 Styllidis
193 2780 354 2853 Dipoeniqne
370 2777 509 2850 discipulis
524 2778 570 2829 ab·
612 2776 737 2831 Horatius
754 2777 845 2849 Epod.
858 2782 1008 2850 caras.V1,
1025 2784 1128 2857 Hippo-

82 2858 175 2913 solatam
193 2860 272 2915 uadit
297 2860 411 2912 Pausan.
433 2858 503 2910 libro
524 2856 571 2910 cit.
611 2874 679 2921 nax,
695 2858 834 2910 acerbostis
845 2858 1128 2931 Bupalo.-Siclibri

82 2940 300 3009 persollatae.
612 2954 705 2988 omnes
730 2948 787 2990 tum
817 2956 897 2991 manu
927 2943 1046 3008 exarati,
1070 2958 1128 2997 tum

112 3024 135 3072 d.
150 3020 240 3072 Ds'aaoe.
259 3020 301 3072 De
314 3016 359 3069 bis
372 3014 499 3086 operibus
510 3013 572 3068 Cle·
613 3014 695 3080 editi,
715 3032 731 3068 a
746 3017 930 3071 vetnuissimis
949 3018 984 3073 ad
999 3023 1128 3077 recentis-

82 3112 140 3149 nens
149 3096 284 3151 Alexandr.
297 3098 350 3149 loc.
364 3096 407 3147 cit
421 3096 512 3155 Σκύλης
528 3092 582 3147 sal·
613 3094 694 3151 simos
707 3096 828 3165 :ouibus
840 3097 955 3168 proinde
970 3102 1051 3154 tutius
1069 3120 1129 3155 cre·

83 3176 171 3239 Δίποιοος
181 3180 359 3249 dispoliatos.
368 3177 453 3227 Teisa
463 3168 493 3225 di
502 3170 535 3224 sb
546 3174 570 3225 is
614 3172 754 3244 das,quam
764 3174 1128 3249 Suidae,quiproAutbermo

83 3243 140 3325 lppst
150 3262 196 3312 τοῖο
209 3256 358 3326 Διοσκούροιν
375 3254 512 3324 Δγῶ.μοοτα
528 3270 572 3305 οια-
614 3252 695 3305 babet
705 3252 875 3309 Athenidem.
895 3256 939 3309 Sic
953 3259 1024 3311 enim
1045 3261 1129 3315 verbo

83 3337 225 3403 sensisses,
242 3337 285 3390 ael
301 3336 343 3387 eis
358 3332 383 3387 is
396 3335 492 3403 Τίρυνθι
505 3322 574 3403 ilpu-
614 3324 751 3395 lausiaci-
771 3332 861 3404 l'psipss
875 3330 905 3388 di
924 3340 983 3406 πρὸς
1003 3340 1130 3394 Βούπαλον

83 3416 146 3477 silue
158 3414 291 3489 slsdpiassa
301 3454 309 3479 ,
321 3414 364 3465 καὶ
376 3412 404 3465 ti
418 3418 461 3473 stit
475 3418 573 3465 Μουνο·
616 3410 657 3465 aci
671 3402 773 3477 diuus,
786 3414 1020 3484 ἀγαλματοποιοὺς,
1036 3418 1074 3472 irs
1087 3422 1132 3475 ab·

81 3491 125 3561 ζὶοο
147 3488 277 3567 Ᾰρτίμιδος
306 3492 388 3557 ξόανον
415 3492 439 3544 is
462 3496 572 3543 armos.
616 3496 659 3544 τοῦ
680 3490 774 3551 alaisae
801 3493 862 3563 aspie
885 3491 953 3565 bipes
973 3496 1130 3567 εἰργάσαντο.

87 3571 184 3645 sdeyles
200 3588 226 3629 et
243 3575 376 3645 Dipcenas
388 3571 572 3623 vocabantur:
620 3596 632 3619 ι
647 3570 759 3640 Scripsit
770 3570 913 3642 Hipponax
922 3573 950 3626 in
962 3574 1095 3646 Bupalum
1106 3590 1133 3632 et

82 3652 296 3725 qaieimsgtses
312 3650 430 3703 Castoris
443 3662 469 3702 et
482 3648 574 3701 Pollu·
619 3646 779 3703 Athenidem
804 3654 959 3715 statuarios,
978 3653 1052 3725 quod
1074 3676 1135 3711 suas

84 3728 125 3794 cis,
141 3752 195 3803 que
216 3746 278 3787 sant
298 3730 391 3800 argis,
412 3742 439 3783 et
458 3728 574 3799 effigiem
618 3728 746 3799 imagines
759 3728 787 3780 in
801 3728 886 3801 ipsius
899 3734 1087 3787 coutumeliam
1099 3736 1135 3787 le·

86 3808 265 3885 Herculisque
275 3824 314 3864 est
323 3808 507 3878 Tirynthe,et
516 3808 575 3860 ldu·
618 3808 723 3862 cissent.
737 3832 750 3855 ι
775 3808 861 3873 Quam
881 3828 965 3880 porro
984 3815 1135 3866 carminum

85 3888 169 3958 stychia
181 3892 270 3947 Dianas
289 3890 317 3943 in
332 3888 445 3960 Sicyone
458 3898 574 3941 statuam
618 3886 825 3941 amaritudinem
836 3886 1000 3943 distrinxisse
1008 3892 1036 3943 in
1049 3894 1136 3964 Bupa-

84 3965 192 4025 leoesuut.
208 3997 218 4019 ι
233 3972 325 4024 lisso.
619 3968 675 4019 lum
686 3966 806 4038 aliosque
816 3966 980 4022 adversarios
992 3971 1136 4045 Hipponax

72 4062 78 4078 “
118 4064 140 4116 7·
160 4051 309 4103 Anthemus.
339 4046 413 4100 Brot.
439 4063 471 4098 ex
492 4046 575 4116 Κείς.
620 4044 737 4099 aPlinio
751 4046 803 4099 boc
818 4046 880 4101 loco
894 4046 1001 4114 dicitur,
1017 4068 1135 4122 eaegre·

85 4124 150 4182 «dal.
166 4148 196 4197 a,
211 4132 237 4199 3,
251 4142 278 4184 et
292 4126 356 4183 edit.
370 4124 509 4197 principe,
525 4126 575 4178 Ar·
618 4125 992 4198 giesnggillaturqnibnsdam
1003 4130 1137 4202 epiwm.

975 4224 1038 4296 28¹
