2950 5000
451 465 814 536 ntnnuxxxtu.
1116 465 1163 554 us

118 603 264 698 Pupiritua
286 585 540 670 semunciales⁴³
559 625 646 672 asses
676 600 767 670 facti.
798 597 913 668 Livius
934 587 1099 671 Drusus⁴⁴
1125 603 1195 680 ins
1219 630 1220 633 ¹

118 710 263 780 tribunatu
289 706 400 802 plebis
426 725 578 778 octavum
605 721 732 803 purtem
760 706 834 776 aeu's
860 721 997 801 urgento
1021 708 1161 780 miscuit.

116 816 175 904 Qui
189 841 268 884 nunc
280 801 519 884 Victoriatus⁴⁵
532 813 729 909 appellatur,
742 812 815 909 lege
826 799 974 883 Clodia⁴⁶
985 839 1163 908 percussus

115 936 166 991 est
180 925 274 993 Antea
291 922 380 990 enim
395 920 451 990 hic
466 946 623 992 nummus
638 945 678 989 ex
696 918 833 1014 Illyrico
850 919 1026 1008 advectus,
1044 924 1163 994 mercis

113 1087 240 1157 pinianum,
264 1087 327 1157 legis
351 1086 499 1157 Papirisuse
518 1099 609 1140 aucto·
652 1085 775 1138 TVLEI.
784 1083 816 1138 C.
826 1085 856 1139 F.
866 1103 927 1139 cunr
937 1085 1014 1156 siguo
1022 1087 1163 1154 Victoria,

113 1185 175 1230 rent,
190 1183 203 1218 r
220 1167 325 1238 Papirio
346 1165 518 1238 distinguere.
539 1166 607 1232 Quis
651 1163 881 1218 undevictoristi
901 1183 1014 1231 nomen,
1031 1179 1058 1220 et
1078 1168 1165 1222 litters

112 1245 154 1298 iste
163 1246 308 1316 Papinianus
320 1246 402 1299 suerit
416 1245 539 1300 tribunus
554 1247 608 1317 ple
651 1244 686 1308 Q.
716 1243 867 1313 quinarium
894 1243 1049 1314 designante
1071 1264 1079 1302 ε
1104 1247 1164 1319 cpi·

112 1325 158 1386 bis,
173 1326 215 1396 qui
228 1326 311 1397 legem
332 1325 438 1390 tulerit,
455 1323 544 1378 udhuc
564 1325 606 1378 in·
650 1323 765 1396 graphe,
785 1324 899 1377 ROMA.
919 1325 973 1378 Sed
993 1337 1019 1378 et
1039 1325 1163 1382 deusrios

112 1419 270 1474 roupertum.
278 1403 321 1458 tu
329 1405 465 1476 Papirium
472 1405 607 1470 Turdum,
650 1403 781 1456 babemus
793 1401 885 1456 eudem
897 1404 1024 1457 Victoriae
1041 1419 1117 1468 notu,
1132 1409 1161 1463 iu

112 1484 152 1556 qni
174 1486 333 1538 tribunatum
358 1485 437 1555 gessit
460 1503 534 1538 anuo
554 1485 608 1538 Ur·
650 1482 746 1553 primis
758 1501 823 1536 vero
835 1484 874 1536 Μ.
889 1485 998 1538 Cstouis
1012 1500 1163 1556 propreto-

111 1564 146 1618 tt·
160 1567 224 1628 566,
243 1566 344 1618 referre
363 1564 473 1636 Pighius
493 1563 609 1629 videtur,
650 1563 706 1627 ris,
728 1564 787 1632 ejus
799 1563 846 1633 qui
862 1563 984 1618 Censorii
995 1583 1081 1636 nepos
1092 1566 1160 1622 tuis:

111 1643 274 1698 iulnnsl.nd
282 1663 326 1697 sn.
338 1643 406 1714 ⁵75,
420 1663 479 1714 pag.
491 1643 558 1706 343.
572 1645 606 1698 Η.
650 1641 753 1714 quoin
773 1641 884 1696 denario
903 1643 1029 1698 Victorius
1047 1644 1164 1702 sedentis

110 1725 280 1796 -l’spirs’rns,
298 1725 372 1777 Brot.
388 1723 500 1794 Papiria.
513 1724 566 1777 En.
650 1721 844 1786 simulacrum,
873 1739 938 1776 cunr
967 1725 1163 1796 subscriptione

144 1804 186 1868 43.
208 1804 376 1858 Smuncisles.
403 1804 448 1856 Sic
472 1801 607 1874 dupondii
651 1801 957 1874 VICTRlX.Ectypurn
969 1804 1164 1860 Putiuuscshi·

109 1885 212 1938 unciales
223 1897 278 1937 tuns
289 1886 372 1938 suere.
384 1883 441 1937 Nec
449 1883 562 1936 leviores
572 1881 607 1936 od
650 1882 696 1934 bet
706 1882 734 1934 in
749 1882 848 1935 familis
863 1883 975 1948 Porcia,
985 1904 1014 1955 p.
1029 1889 1094 1941 228,
1105 1885 1141 1939 Η.

109 1963 178 2016 Plinii
198 1983 280 2035 nsque
303 1975 437 2034 tempors,
467 1964 607 2035 multoque
692 1965 738 2026 46.
755 1962 821 2030 Lege
838 1962 934 2016 Clodia.
951 1965 978 2015 Is
994 1976 1033 2016 est
1050 1964 1163 2020 Clodius

109 2045 178 2097 etinns
194 2057 296 2116 postes,
312 2061 382 2096 usses
395 2045 513 2096 luerunt.
526 2045 560 2096 ll.
650 2041 774 2096 tribunus
790 2042 892 2113 plebis,
908 2061 988 2114 quern
1002 2045 1069 2098 Milo
1088 2046 1161 2099 oeci·

143 2129 187 2186 44.
209 2125 288 2176 tisim
308 2124 415 2176 Drusus.
441 2124 522 2174 Auno
546 2135 607 2194 post
649 2119 697 2174 dit.
713 2119 808 2176 Clodiu
821 2141 885 2192 gens
894 2121 1062 2193 diligentcru
1081 2126 1162 2180 Clsu·

109 2193 207 2256 Urbsnl
216 2203 351 2258 eonditum
365 2203 439 2268 663,
456 2203 487 2254 1..
504 2203 606 2256 ldsrcio
648 2199 692 2254 din
703 2201 863 2255 secerueuds
875 2216 923 2257 est.
936 2203 1094 2275 lllsplebeis
1102 2206 1163 2272 tuis,

109 2279 233 2354 Philippo,
250 2284 311 2336 Sex.
332 2284 349 2335 J
352 2282 410 2335 ulio
432 2299 498 2334 coss.
520 2282 605 2336 tribu·
648 2281 720 2335 unde
732 2281 781 2334 iste
796 2281 907 2336 Clodius
918 2282 1041 2338 tribunus
1057 2285 1160 2356 plebis:

108 2373 189 2415 nutum
200 2364 283 2434 plebis
295 2362 376 2434 gessit
386 2363 503 2416 Drususr
516 2361 606 2415 medio
648 2361 706 2414 buc
715 2361 842 2432 patricia,
854 2380 885 2414 ex
899 2381 953 2442 qus
966 2365 1068 2434 Appius
1082 2365 1163 2419 Cluu-

109 2441 182 2495 lcrme
200 2444 326 2515 temporis
352 2442 509 2507 intervallo,
531 2439 605 2515 quod
648 2440 709 2494 dius
733 2441 842 2507 Caecus,
868 2455 896 2494 et
925 2456 1014 2515 postes
1037 2445 1163 2500 Tiberius

109 2520 604 2593 interceditscstuminteretseptimum
649 2519 791 2585 Claudius,
816 2522 924 2593 aliique.
955 2525 1055 2577 Clodius
1076 2544 1162 2596 grece

109 2602 365 2669 hildowinum,
380 2622 396 2655 u
411 2622 467 2673 qno
481 2621 515 2655 es
534 2602 606 2673 opti·
648 2600 676 2653 in
692 2601 809 2654 nummis
829 2602 920 2655 Clodii
935 2602 1030 2657 Albini
1047 2612 1161 2675 August.

109 2700 187 2748 tuum,
207 2681 280 2754 quud
300 2695 410 2753 urgento
430 2684 534 2735 Drusus
555 2683 606 2735 irn-
648 2685 799 2735 ΚΔΩΔΙΟΣ
818 2701 824 2732 :
841 2682 975 2748 Claudius,
994 2690 1161 2739 antstoz

109 2763 216 2828 miscuit,
233 2762 347 2815 Mariani
367 2762 427 2817 stris
446 2780 544 2815 nornen
565 2780 606 2815 su·
647 2761 784 2815 scribitur.
797 2760 844 2815 Est
854 2774 881 2815 et
892 2762 981 2816 Clodii
997 2764 1088 2818 Albini
1101 2766 1161 2819 Cu·

108 2842 178 2913 cepit.
200 2842 270 2895 Vide
301 2842 430 2895 Gotltolr.
465 2842 493 2894 ln
534 2840 603 2895 cod.
648 2839 713 2893 suris
732 2860 859 2895 nummus
880 2860 912 2894 ex
932 2862 984 2896 sere
1004 2862 1116 2915 surgun,
1132 2846 1161 2899 iu

107 2920 199 2975 l'lrcod.
218 2922 267 2975 lib.
288 2922 343 2986 tx,
361 2922 400 2975 tit.
423 2940 470 2987 st,
486 2918 522 2973 de
542 2922 606 2981 falsu
648 2919 784 2973 MuscoD.
797 2922 1161 2986 AbbatisnnFonrsuu,sic

107 3016 214 3067 nonets,
224 3020 285 3073 pag.
303 3018 368 3071 177.
380 3002 424 3055 Sic
434 3012 549 3054 mouetae
564 3021 606 3055 ur·
647 2998 792 3071 inscriptus
804 3001 832 3053 iu
847 3002 937 3071 priore
949 3004 1044 3074 pagius
1055 3023 1062 3057 ε
1074 3009 1161 3057 ltm-

106 3094 197 3151 μακε
220 3082 354 3146 minimo,
375 3098 434 3152 quse
455 3098 528 3133 nunc
547 3099 605 3134 eer-
649 3080 729 3132 stuc
740 3083 908 3133 ΔΔΒΕΙΝΟΣ
922 3085 1162 3155 xntcsumpise

106 3175 195 3215 nnntur
211 3160 283 3233 spnsl
304 3180 367 3225 nos,
390 3160 605 3231 sestiruuuturqus
648 3156 740 3213 nudo:
754 3186 767 3208 ι
779 3160 891 3214 Clodius
907 3162 1020 3215 Albinus
1033 3164 1130 3218 Cesar.
1144 3190 1157 3213 ι

106 3242 196 3295 tussibus
214 3241 388 3295 tersistribus
405 3259 465 3294 rum
483 3240 603 3303 semisse,
648 3238 680 3291 In
701 3240 807 3293 ultera:
834 3242 1160 3298 summutantur

107 3332 213 3374 ocuvsrn
235 3322 335 3374 habent
359 3321 417 3373 uris
438 3332 538 3390 purtem
559 3318 607 3373 nd·
650 3320 928 3375 tuumottuotcz
948 3323 1028 3374 -Sub
1045 3336 1161 3394 pretore

106 3400 211 3454 mixtum.
221 3398 275 3455 sed
285 3412 342 3453 acts
350 3400 428 3453 Drusi
441 3418 494 3451 uuo
505 3398 605 3453 deinde
649 3397 1162 3472 claudiotriuophane..1ticgenscto.

105 3482 322 3535 senrtusconsulto
333 3480 458 3551 abrogato
473 3480 552 3533 fuisse
561 3479 607 3533 ci.
649 3475 692 3531 diu
702 3478 843 3549 diligenter
851 3478 1073 3534 discriminamus
1084 3484 1163 3537 Cluu-

106 3574 157 3614 trro
169 3562 246 3627 dicit,
258 3561 305 3614 lib.
316 3560 360 3623 ll,
374 3558 408 3612 de
419 3560 481 3627 ch.
494 3560 584 3612 Hsnu.
649 3555 702 3610 diu.
711 3558 798 3622 Infra,
810 3559 1104 3615 CMt‘PanssN·Stuut
1112 3582 1162 3617 uu·

139 3640 181 3705 db.
192 3642 351 3695 Victonbtus.
363 3639 490 3693 Volusius
499 3639 606 3692 Meruis-
650 3636 722 3689 mins
735 3637 804 3702 duo,
813 3658 929 3709 quorum
941 3641 1017 3693 alteri
1028 3641 1057 3693 in
1067 3640 1161 3697 dextra

105 3724 263 3791 uunp.877:
279 3719 460 3771 «victoriatus
470 3736 541 3771 nuuc
551 3730 607 3771 tun·
648 3715 771 3780 sistrum,
792 3718 870 3773 slteri
888 3720 916 3771 in
931 3720 1034 3773 sinistra
1055 3733 1161 3794 tympn-

106 3798 210 3853 tundens
224 3800 308 3863 valet,
324 3810 454 3871 quantum
468 3798 605 3867 quinarius
648 3814 714 3849 num
732 3810 786 3861 θοις
805 3798 955 3869 symbolum
969 3799 1161 3880 ludorumupro

105 3878 219 3933 ulimsc
234 3880 391 3950 peregrinus
402 3896 528 3931 nummus
545 3878 605 3931 loco
650 3876 753 3931 Csesnre
767 3876 910 3931 editorum.
927 3878 969 3931 Ad
989 3878 1080 3950 tudes,
1098 3900 1161 3953 gry-

105 3959 200 4025 nereis,
208 3972 238 4013 nt
249 3976 322 4013 nnnc
331 3956 568 4021 tetrsdrsclsrnuns,
578 3968 606 4009 st
650 3956 730 4025 phus‚
739 3968 770 4009 ut
779 3970 891 4023 cocunt,
900 3960 1056 4029 susphoruru
1067 3960 1162 4015 dextro

104 4034 216 4093 buum
228 4040 387 4093 habebatur.
398 4036 544 4091 -Exststin
557 4054 607 4088 no·
649 4033 719 4107 pede
738 4048 827 4102 tenen
846 4052 1005 4109 argumento
1026 4038 1084 4110 egri
1103 4040 1166 4094 viti·

106 4128 153 4171 suo
170 4118 280 4175 Cimelio
294 4134 424 4173 nummus
442 4116 473 4169 C.
493 4114 608 4169 EGNA·
651 4114 714 4180 leri,
728 4128 756 4169 ct
769 4115 833 4169 vino
846 4117 1014 4173 abundantis.
1030 4120 1120 4174 lisso.
