2950 5000
433 447 584 522 ninnn
609 443 770 516 xxxv.
1067 441 1136 542 ³97

89 574 191 647 ltalia:
206 593 236 646 et
253 576 393 648 calicum
416 563 592 665 tantum¹⁵‚
610 580 825 662 Surrentum,
844 577 939 660 Asta,
961 573 1136 648 Pollentia:

88 687 118 751 iu
139 684 282 778 Hispania
306 687 510 780 Saguntum,
533 686 566 752 in
593 686 671 754 Asia
700 686 907 777 Pergamum.
942 683 1076 752 Habent
1103 695 1172 754 et3

87 789 196 858 Tralles
208 813 306 884 opera
321 815 396 876 sua,
412 791 543 859 Mutina
559 790 593 858 in
605 787 723 858 ltalia:
740 789 896 882 quoniam
911 801 945 856 et
959 790 1007 858 sic
1022 804 1138 884 gentes

85 895 294 964 nobilitantur.
319 899 398 965 llaec
419 920 552 991 quoque
578 919 639 990 per
660 895 764 963 maria
786 908 957 988 terrasque
981 893 1071 964 ultro
1092 897 1136 965 ci·

83 1014 190 1094 troque
208 1015 394 1096 portantur,
413 1001 595 1096 insignibus
617 1013 697 1070 rotae
718 999 870 1069 officinis.
897 986 1081 1092 Erythris¹⁶
1102 1002 1138 1070 irs

81 1105 196 1201 templo
219 1107 383 1201 hodieque
405 1107 627 1176 ostenduntur
644 1105 815 1201 amphorae
834 1104 909 1172 dure
927 1119 1066 1200 propter
1084 1121 1136 1176 te·

81 1214 229 1280 unitatem
243 1227 457 1297 consecrate,
470 1211 620 1308 discipuli
630 1213 847 1306 magistrique
857 1213 1053 1295 certamine,
1064 1227 1138 1282 uter

80 1320 250 1388 tenuiorem
268 1318 409 1387 humum
429 1319 575 1388 duceret.
598 1320 678 1389 Cois
699 1316 771 1386 laus
794 1316 961 1384 maxima:
984 1317 1137 1389 Adrianis

81 1421 250 1493 firmitas¹⁷:
265 1423 433 1494 nonnullis
447 1426 535 1495 circa
548 1426 613 1495 hoo
625 1423 808 1494 severitatis
822 1445 954 1517 quoque
964 1422 1135 1519 exemplis.

83 1643 110 1693 Et
121 1643 192 1705 xlv,
208 1662 251 1714 ep.
266 1662 380 1709 uxxux,
394 1645 471 1715 cnjus
483 1645 578 1697 lemma
623 1639 759 1705 sentinus,
784 1639 1010 1712 Saguntinosqae,
1029 1652 1056 1693 et
1074 1639 1138 1693 Pol·

82 1723 213 1775 ests-Vasa
221 1723 360 1776 Arretina:
371 1724 490 1776 Arretina
499 1723 579 1777 nimis
622 1720 740 1773 lentinos
754 1719 882 1772 laudaris
899 1719 1020 1772 Martiale
1034 1717 1135 1773 audio:

79 1817 218 1870 nespernas
234 1821 294 1855 vasa
310 1819 448 1854 monemus
460 1821 467 1854 t
480 1803 579 1856 Lautus
622 1815 682 1852 vase
697 1799 810 1864 escaria,
823 1817 878 1850 non
898 1797 1010 1850 memini
1024 1816 1136 1869 usquam

80 1893 125 1933 erat
143 1881 241 1942 Tuscis,
261 1882 375 1934 Porsena
403 1881 536 1934 fictilibus.
562 1903 575 1930 s
623 1897 666 1931 me
674 1879 771 1950 legere.
779 1877 924 1949 ltaqneille
932 1879 1048 1948 primum
1058 1877 1137 1946 xlv,

79 1957 150 2013 Tusca
156 1961 252 2032 fictilis
265 1972 357 2023 vocat,
369 1959 443 2030 quod
455 1961 489 2013 sit
499 1961 579 2015 Etru·
622 1975 664 2028 ep.
676 1975 731 2022 crs,
747 1958 791 2010 cui
806 1957 898 2010 titulus
915 1971 922 2008 :
936 1981 948 2004 ι
962 1956 1062 2011 Calices
1075 1957 1138 2010 Sur-

79 2037 117 2091 rie
135 2041 186 2092 sire
210 2040 315 2092 Tuscia·
339 2038 472 2109 oppidum
496 2043 578 2093 Arre·
621 2037 720 2090 rentini
735 2037 854 2107 :Accipe
870 2054 925 2087 non
940 2035 1091 2090 vilinalioes
1102 2036 1136 2091 de

77 2116 148 2181 tiam,
159 2121 257 2171 Amzo
265 2159 273 2185 ‚
281 2115 328 2171 ubi
340 2117 474 2190 hodieque
485 2120 579 2190 primas
621 2117 730 2185 pulvere
740 2127 829 2181 natos,
839 2113 890 2168 sed
899 2114 1062 2168 Surrentinae
1071 2115 1136 2173 lare

78 2199 303 2252 commendationis
318 2198 409 2268 figlina
426 2211 488 2252 sunt
500 2204 578 2253 Arre·
622 2205 743 2248 toreuma
755 2208 829 2248 rotas.
841 2219 853 2240 ι
867 2193 1026 2264 Saguntinos
1037 2193 1135 2249 deinde

77 2275 128 2328 tina.
146 2279 184 2330 De
197 2277 329 2332 calicibus
348 2277 479 2330 Arretinis
495 2291 578 2332 exstet
621 2273 683 2326 libri
697 2271 815 2344 ejusdem
827 2291 870 2343 ep.
884 2291 968 2337 orsu,
979 2274 1023 2327 cui
1037 2275 1134 2328 lemma

78 2352 259 2428 illudvirgtlio
276 2373 382 2410 carmen
398 2355 575 2429 adscriptum,
622 2353 782 2422 prefixum,
809 2352 937 2406 «Calices
966 2351 1102 2423 Saguntini
1125 2375 1132 2406 =

77 2432 134 2486 inter
143 2439 331 2509 epigrammata
348 2435 478 2489 aPithoeo
491 2430 576 2503 edita,
620 2432 687 2497 Quae
701 2451 756 2485 non
773 2432 901 2485 sollicitus
913 2444 1017 2496 teneat,
1035 2445 1135 2486 servet·

76 2532 125 2583 pig.
143 2518 194 2570 36:
209 2544 223 2565 ι
239 2516 366 2569 Arretine
384 2516 577 2585 cqlix,mensis
620 2530 673 2584 que
686 2512 818 2576 minister,
833 2512 913 2565 Sume
927 2512 1076 2583 Saguntino
1087 2532 1138 2584 po·
1234 2550 1250 2561 .-

37 2609 43 2625 ·
76 2590 577 2667 demratepstemis,AnteMaiimediei
621 2590 1134 2663 culafictaluto-Pollentinosdenique

77 2688 145 2743 quam
156 2676 388 2731 benemnuseras.
401 2700 412 2721 ι
426 2674 516 2728 Hann.
621 2672 700 2734 x1V‚
716 2690 759 2742 ep.
773 2674 871 2736 ὀψε,
891 2670 972 2723 allato
999 2690 1014 2723 a
1039 2673 1133 2737 nobis,

38 2764 40 2769 ‘
111 2755 150 2807 1⁵.
164 2756 199 2807 Er
212 2755 317 2807 calmum
332 2766 430 2807 tanturn.
445 2754 484 2807 Ut
501 2774 578 2808 vaso·
620 2750 803 2820 ltnvmqe.
812 2750 847 2803 Et
857 2748 892 2802 de
901 2750 1066 2817 Surrentina,
1073 2753 1134 2804 Pol·

75 2848 124 2883 run
133 2834 272 2898 fictilium,
285 2834 385 2905 inquit,
398 2834 425 2887 iu
438 2832 577 2888 esculentis
620 2830 775 2902 lentiusque
783 2829 862 2883 simul
871 2830 1135 2901 terra‚fingendiscs·

75 2912 226 2967 nobilitatem
238 2913 337 2966 retinet
347 2914 480 2967 Arretium
491 2913 518 2965 in
528 2914 578 2966 lta·
619 2910 714 2964 licibus
725 2910 838 2980 potoriis
848 2909 981 2979 expetita,
995 2922 1077 2964 exstat
1088 2928 1135 2962 ss·

76 2988 103 3041 lia
114 3012 120 3042 :
132 2994 179 3057 ita,
190 2992 239 3047 sed
256 2993 367 3045 oalicum
382 3004 485 3046 tantum
496 2983 578 3046 nobi·
621 2988 835 3059 tusepigramma
845 3004 961 3059 gracum
971 2988 1133 3058 Haemonii,

75 3067 375 3136 lioteoommendsnmr,
383 3072 410 3124 in
419 3070 509 3124 eadem
518 3090 579 3143 par·
620 3067 1132 3137 sanenoninelegaminblSSmostris.

74 3150 578 3217 teterramm,Surrentam‚Asta,Pol·
621 3150 751 3219 Συρβίντου
775 3150 893 3216 sanguia,
923 3148 1038 3216 nuptm
1062 3150 1133 3218 χαῑρι

75 3226 158 3295 lentis,
170 3232 197 3284 in
211 3230 340 3299 Hispania
352 3231 514 3301 Saguntum,
524 3242 575 3285 etc.
620 3228 702 3290 essin,
714 3226 937 3279 taruannensi
950 3229 1012 3296 γαῖα
1022 3234 1135 3297 potus·

74 3305 136 3360 libri
148 3328 241 3363 omnes
255 3307 321 3362 editi
340 3310 411 3374 lere,
428 3309 457 3360 in
469 3310 578 3381 primis·
620 3306 699 3362 τᾶπη·
710 3294 760 3365 1th
772 3304 821 3376 γὰρ
833 3306 858 3357 si
874 3306 1029 3374 sanilam,
1047 3305 1089 3375 ἀφ’
1101 3301 1133 3359 bs

74 3403 116 3455 que
124 3388 208 3441 Elaer.
223 3387 577 3461 editio,bicinterpnngunt,
621 3381 765 3456 bpsqstoidse
776 3385 853 3441 sinitis
862 3387 974 3455 Φύρησαν
985 3387 1075 3456 Βάκχῳ
1085 3405 1136 3455 τρι·

77 3480 128 3519 «et
154 3470 268 3522 oslicum
299 3480 401 3521 tantum
431 3487 440 3522 ε
464 3468 576 3521 Surren-
620 3466 701 3535 (agise
716 3466 825 3534 χάριτις.
841 3484 854 3507 r
870 3464 1043 3534 Unguentum
1058 3464 1135 3518 redo-

73 3554 139 3608 tum,
160 3562 210 3602 eto.
228 3572 240 3595 ι
257 3548 298 3599 Ut
318 3545 352 3599 ad
371 3547 523 3612 Ameriam,
542 3545 578 3600 de
620 3545 677 3597 lens
695 3542 817 3596 Surrenti
831 3544 975 3613 asperrime
985 3544 1086 3613 pulvis,
1100 3544 1136 3597 Et

74 3642 119 3693 qno
127 3628 248 3696 proxime
259 3624 345 3690 antes,
356 3644 410 3678 non
421 3625 454 3679 ad
464 3628 578 3680 Sumen·
620 3624 776 3676 Pollentina
799 3622 893 3675 mellea
915 3623 991 3694 gleba
1015 3624 1099 3694 plaga
1125 3639 1132 3675 :

73 3714 120 3755 tum
128 3706 236 3775 pariter.
245 3718 393 3779 ceteraque
400 3724 459 3776 quae
466 3722 579 3777 sequnn-
621 3704 678 3755 Vos
688 3721 737 3772 ego
748 3720 853 3771 semper
863 3720 939 3765 emo,
951 3700 985 3754 de
997 3703 1072 3773 queis
1083 3701 1134 3754 sibi

74 3792 110 3834 tm
123 3785 236 3855 oppida,
251 3785 362 3837 calicum
381 3783 430 3838 dos
448 3786 496 3839 ista
515 3802 577 3855 per·
622 3800 726 3836 sumere
738 3781 833 3834 limam
844 3779 1012 3834 Miscendnm
1026 3781 1136 3835 Bromio

73 3861 157 3923 tineas,
173 3878 200 3918 et
222 3860 333 3937 qnide'm
353 3864 418 3917 sola.
440 3864 522 3935 Atqui
543 3862 577 3917 ad
620 3862 713 3916 Gratis
728 3861 798 3913 trina
808 3860 885 3913 solet.
899 3885 911 3907 ι
925 3858 1015 3912 Haan.

75 3938 576 4015 Anedumspecmevmqnoineseu·
664 3944 708 3995 16.
735 3940 858 4013 Erythris.
888 3936 1135 3993 lantonienses.
1245 3978 1251 3993 .

75 4016 139 4074 lentis
148 4022 323 4085 adhibentur,
338 4022 485 4093 calicesque
497 4041 577 4095 supe·
620 4021 669 4075 lib.
682 4020 738 4080 111,
750 4038 808 4090 cap.
822 4017 868 4073 31.
880 4017 970 4071 Hann.

73 4096 119 4150 rias
133 4100 394 4156 demonstravimus:
410 4102 502 4156 calices
516 4102 578 4155 Sur·
664 4118 706 4170 ¹7·
730 4100 789 4153 Cois
802 4099 855 4151 tam
869 4101 974 4151 mesina
989 4108 1000 4145 ··
1016 4097 1136 4150 Adriane
