2950 5000
440 499 595 566 LIBER
622 499 797 568 XXXIV.
1083 529 1147 574 aar

52 679 53 715 p
106 629 311 700 immobilibus
329 655 432 726 super
451 632 511 700 bas
528 632 680 701 transtris
702 630 891 726 dependent
911 648 1014 703 restes
1037 634 1152 731 lapillis

51 732 53 773 l
104 737 728 831 extenta,quibusa‹ll1aerescenslimus,
743 740 1150 838 vitreisacinisimaginem

50 866 51 903 3
103 845 257 934 quamdam
274 867 349 914 uva
365 843 483 912 reddit.
501 847 703 938 Exemptum
719 846 763 912 ita
778 845 921 915 siccatur
931 845 1048 916 diebus
1064 875 1148 920 xxx.

49 966 50 989 ³
101 945 188 1016 Color
195 963 244 1018 est
256 948 436 1034 caeruleus,
449 974 609 1045 perquam
623 948 791 1044 spectabili
809 944 1146 1050 nitore‚sitrumque⁵
1166 987 1181 1021 ι

98 1076 158 1122 asse
172 1055 341 1124 creditur:
368 1055 526 1126 diluendo
546 1055 586 1124 lit
607 1070 827 1125 atramentum
850 1058 1015 1152 tingendis
1038 1063 1145 1132 coriis.

98 1160 176 1228 Fitct
187 1159 336 1255 pluribus
348 1148 497 1248 modis⁶3
508 1162 646 1258 genere⁷
659 1177 756 1231 terrae
767 1185 807 1230 eo
819 1163 852 1231 in
867 1165 1001 1234 scrobes
1014 1182 1146 1238 cavato:

95 1289 219 1358 quantus
239 1293 260 1336 e
281 1266 440 1338 lateribus
462 1267 655 1338 distillantes
675 1268 818 1338 hiberno
844 1268 918 1362 gelu
937 1259 1074 1357 stirias⁸,
1089 1289 1149 1344 sta·

95 1369 241 1466 lagnian⁹
256 1389 382 1443 vocant
399 1399 407 1442 τ
424 1399 532 1469 neque
547 1390 598 1445 est
618 1377 732 1469 purius
751 1373 849 1444 aliud.
873 1375 939 1445 Sed
957 1402 997 1445 ex
1014 1403 1054 1447 eo
1073 1405 1149 1450 can-

92 1475 190 1546 didum
201 1477 350 1549 colorem
361 1479 386 1504 ¹⁰
398 1484 595 1552 sentientem
609 1479 752 1564 violam,
770 1479 951 1552 lonchoton
968 1484 1144 1579 appellant.

61 1573 70 1594 ⁹
92 1586 175 1652 litet
189 1587 223 1654 in
247 1611 407 1656 saxorum
425 1587 590 1676 catinis¹¹,
609 1587 722 1683 pluvia
745 1613 830 1682 aqua
842 1587 864 1612 ¹²
881 1591 1048 1660 corrivato
1067 1591 1146 1663 limo

122 1760 145 1812 5.
157 1761 308 1834 Vimque.
322 1761 366 1816 Sic
379 1764 444 1834 Reg.
462 1785 490 1830 s,
503 1776 530 1817 et
544 1763 589 1818 al.
632 1762 797 1835 appellatur,
811 1762 858 1816 lib.
867 1763 902 1822 V,
919 1782 977 1835 cap.
995 1770 1038 1828 ¹4·
1054 1763 1144 1820 llsan.

89 1837 125 1890 Ob
134 1842 346 1913 perspicuitatem
361 1843 461 1896 scilicet
475 1861 483 1896 :
497 1841 588 1897 Diosc.
676 1859 719 1896 to.
733 1841 786 1894 Sed
802 1863 832 1894 es
846 1863 875 1895 eo
887 1843 1016 1896 candidum
1030 1846 1142 1900 colorem.

87 1914 286 1991 lateinlpsess
301 1917 331 1974 δ’
347 1925 422 1976 adrat}
437 1925 542 1994 ἡγητέον
559 1927 589 1977 eb
631 1922 724 1994 Lege:
741 1947 753 1970 ι
767 1919 819 1974 Sed
835 1921 1041 1989 estcandidum‚
1058 1937 1084 1978 et
1099 1945 1145 1980 oo·

85 1998 200 2055 πίνων...
223 2003 268 2056 καὶ
293 1999 407 2073 διαυγές.
427 2001 496 2057 lode
516 2003 588 2058 chel·
630 2000 688 2056 lore
702 2001 780 2056 violae
798 2001 892 2056 simile.
909 2029 920 2051 ι
938 2003 1095 2058 violaceum
1114 2004 1143 2060 id

85 2079 171 2134 nntbo
187 2080 261 2153 epod
283 2101 334 2136 nos
348 2082 447 2136 sitrioli
468 2101 587 2150 nomen,
630 2081 713 2151 paulo
742 2094 804 2152 post
830 2083 959 2136 nominat.
981 2083 1086 2138 Danao.
1102 2117 1143 2130 —

84 2160 165 2214 smol,
177 2161 272 2216 Hm.
629 2159 682 2212 Sed
697 2181 728 2212 es
748 2181 789 2218 eu,
812 2173 861 2216 etc.
884 2163 906 2216 E
924 2161 1053 2216 stillatitio
1070 2163 1144 2217 clrsl·

117 2242 142 2292 6.
156 2241 200 2293 Fu
216 2255 243 2294 es
258 2241 375 2312 pluribus
394 2241 478 2295 mdis.
492 2243 584 2313 laege:
629 2239 736 2293 cantho.
753 2242 884 2311 Δογχωτδν
909 2243 953 2296 est¹
970 2242 1143 2310 Dioscoridi‚

84 2317 140 2372 ·l³it
158 2333 185 2374 et
207 2321 343 2394 pluribus
363 2320 465 2387 modis,
488 2340 587 2395 genere
629 2320 681 2373 loo.
695 2319 743 2373 cit.
756 2320 877 2392 aliisque.
897 2321 943 2375 ste
960 2321 1072 2376 totidem
1084 2324 1141 2394 pls-

82 2409 186 2454 teneo
197 2401 227 2454 in
237 2401 349 2455 scrobes
359 2414 459 2466 cavato,
470 2421 586 2475 quarum
628 2417 663 2451 ne
677 2399 841 2471 syllabarum
856 2400 977 2471 apicibus
985 2439 993 2468 ,
1001 2403 1066 2473 Reg.
1082 2421 1096 2454 s
1114 2417 1142 2456 et

81 2477 221 2536 elsteribns
235 2479 384 2536 distillante
396 2481 510 2536 hiberno
522 2481 584 2554 gelu
628 2479 706 2533 Colb.
727 2478 754 2534 3.
774 2479 888 2534 Pliniani
908 2479 1039 2546 editores,
1054 2497 1138 2555 quum

81 2558 441 2634 suis,smlsgmisn'vocsns.
456 2588 468 2610 ι
482 2562 569 2617 sm.
628 2559 727 2613 violam
752 2576 872 2625 sensem,
901 2562 1008 2614 leucoion
1033 2563 1138 2629 statim,

64 2709 69 2719 Ι
113 2658 139 2710 7.
154 2641 259 2696 om.
272 2641 585 2710 Atrsmentosimetalli,
627 2637 701 2711 qnod
718 2638 796 2692 siole
816 2640 882 2694 albae
894 2658 992 2694 nomen
1013 2651 1069 2707 est,
1089 2660 1140 2714 pro

78 2719 144 2788 quod
161 2722 310 2785 chalcitim,
333 2721 412 2791 misy,
435 2740 507 2793 sory,
529 2739 586 2775 sne.
627 2720 756 2772 lonchoton
770 2718 911 2774 commode
922 2720 1048 2774 substitui
1061 2738 1139 2792 posse

77 2796 205 2854 lsnterim
220 2801 352 2856 eontinet.
367 2801 522 2855 nma-
535 2800 586 2855 Ge·
625 2797 747 2852 arbitrati
770 2810 841 2852 sunt.
866 2799 903 2853 At
923 2801 1138 2867 Diosc.V,114‚

76 2897 133 2931 m.
147 2881 236 2946 Quale
251 2880 282 2934 in
297 2880 433 2951 Hispaniae
446 2880 532 2952 puteis
543 2899 585 2934 su·
626 2897 657 2931 en
667 2877 786 2933 Peteesio
801 2877 906 2933 medico
917 2882 1040 2950 λογχωτὸν
1051 2893 1138 2947 voest,

75 2957 193 3027 predictis
211 2960 360 3031 reperitur.
377 2960 418 3013 lta
436 2961 501 3032 Reg.
520 2972 584 3025 ’,εἰ
626 2975 801 3030 quecumque
813 2956 921 3012 demum
939 2959 1011 3013 vocis
1021 2961 1077 3031 ejus
1085 2960 1139 3013 ori·

74 3036 145 3093 cols.
160 3040 187 3094 3.
200 3039 280 3095 Editi
295 3038 349 3093 hoc
366 3050 483 3105 rentum,
497 3060 584 3111 genere
625 3038 726 3108 ginesio
740 3039 782 3091 sit.
801 3037 938 3092 Oribssius
952 3040 1033 3105 item,
1052 3040 1137 3105 xm,

74 3136 110 3182 rs,
132 3120 266 3187 obscure,
283 3137 315 3173 ao
334 3118 429 3172 mutila
450 3120 583 3175 oratione.
625 3136 652 3189 p.
665 3117 730 3171 233.
740 3116 774 3170 Et
783 3116 954 3189 Neophytos:
967 3122 1101 3189 λογχωτὸν,
1109 3120 1137 3173 τὸ

73 3196 186 3253 lsidorns
199 3200 256 3255 loo.
270 3200 317 3252 cit.
333 3210 435 3251 tentum
449 3218 456 3249 t
473 3225 485 3248 ι
498 3199 542 3253 Fit
555 3214 583 3255 et
624 3198 769 3267 χάλκανθον.
782 3196 908 3251 Salmasio
924 3194 1012 3251 tainen
1026 3218 1080 3252 non
1096 3196 1138 3251 id·

72 3276 97 3328 in
113 3279 256 3333 scrobibus
278 3278 390 3344 casatis,
413 3298 526 3351 quarum
547 3278 583 3333 de
625 3278 697 3332 circo
725 3276 892 3343 assentimur,
919 3277 971 3348 le‘gi
999 3278 1033 3330 ita
1061 3278 1136 3331 hune

72 3354 374 3414 lateribus-decidentes
393 3371 474 3429 gutte
494 3360 583 3414 cosle·
623 3357 713 3411 locum
725 3356 847 3429 jubenti,
861 3355 889 3409 in
905 3356 989 3410 Solin.
1003 3376 1031 3429 p.
1049 3358 1134 3427 1159,

71 3451 168 3493 senna..
185 3436 282 3491 liano.
624 3456 659 3491 ex
680 3437 736 3490 sola
754 3436 851 3506 ingenii
873 3438 1045 3508 conjecturae
1068 3464 1080 3485 ι
1092 3436 1136 3489 Sie

105 3518 130 3570 8.
144 3519 262 3572 Hiberna
275 3517 334 3587 gele
348 3518 514 3571 nomo.
541 3518 581 3571 lu'·
624 3535 656 3570 ex
673 3536 705 3570 eo
724 3512 796 3587 quod
815 3512 949 3587 dependet
964 3529 993 3569 ut
1006 3516 1136 3582 lanciola,

70 3596 137 3651 luno
156 3611 268 3669 tempore
286 3600 364 3649 seam
383 3596 520 3667 gelonem·
533 3596 582 3650 im-
624 3595 770 3649 lonchoton
785 3596 937 3665 appellant:
955 3595 1134 3649 slibrisinvi·

70 3678 175 3749 proprie
190 3678 320 3749 gelantur,
337 3694 389 3747 pro
404 3689 583 3731 concrescunt
623 3676 657 3729 tis
669 3674 804 3728 omnibus.
819 3674 910 3727 Hono.

70 3756 93 3808 si
112 3758 210 3812 caloris
231 3756 387 3811 exsiccate:
409 3774 471 3810 nam
492 3756 582 3811 hieme
666 3772 711 3809 ιι.
725 3754 769 3806 Fa
781 3766 804 3805 er
816 3757 841 3805 in
853 3772 965 3806 saeorum
979 3756 1074 3807 catinis.
1090 3754 1134 3807 Fit

70 3836 234 3891 eslidissim
251 3850 314 3890 sunt
328 3835 497 3890 metallorum
513 3835 581 3890 iodi-
624 3848 651 3888 et
667 3834 695 3888 in
708 3832 777 3887 saxis
793 3833 933 3904 excavatis,
948 3852 1016 3904 aqua
1026 3833 1134 3905 pluris,

69 3932 115 3969 ne·
125 3918 197 3971 Das„
624 3932 683 3986 ques
695 3932 745 3986 per
759 3930 839 3966 venas
855 3912 1004 3967 chalcanthi
1024 3912 1134 3978 labitur,

104 4014 131 4065 9.
146 3994 313 4066 Stalagssian.
333 3996 506 4066 Σταλαγμίαν,
526 3994 580 4049 lsoo
623 3994 688 4047 limo
703 3992 852 4051 corrivuto,
869 4010 899 4046 sc
914 3992 1068 4063 gelassente.
1080 3992 1114 4045 ll.

69 4086 119 4141 est,
132 4076 323 4130 chalcanthum
333 4074 500 4128 stillstitium.
514 4078 580 4127 Στα-
667 4092 712 4126 η.
735 4071 824 4124 Pluvia
838 4092 909 4145 aqua.
928 4072 998 4137 Qne
1020 4090 1069 4142 per
1090 4090 1135 4125 se·

67 4155 149 4216 mark
163 4167 194 4209 et
208 4154 375 4209 montani
391 4172 407 4208 s
421 4150 577 4209 Dioscorid.
622 4172 669 4207 oss
682 4162 873 4207 stramentosss
885 4151 992 4206 labitur.
1008 4152 1077 4205 Dia.
1191 4188 1196 4201 .
