2950 5000
268 503 310 550 ro
536 483 575 551 C.
603 485 772 552 PLlNll
796 481 902 552 ΝΑΤ.
930 481 1061 548 lllST.

262 615 479 684 dimentum²⁹
497 617 605 710 potuit
627 619 661 684 in
683 641 723 684 eo
747 614 881 710 aliquod
901 611 1058 708 intelligi,
1077 613 1176 682 etiam
1200 613 1333 682 serioris

262 706 369 790 usus³⁰
383 736 617 816 argumentum
632 736 700 807 est,
718 723 825 815 majus
841 723 875 790 in
889 719 970 790 laeva
989 719 1105 802 luisse,
1116 743 1181 813 qua
1199 734 1334 788 scutum

264 903 364 956 veritus
382 915 449 956 esset
468 904 701 974 reprehensionem
716 924 779 974 pro·
823 903 911 956 Rhod.
932 922 994 956 sero
1011 903 1060 955 lib.
1074 903 1116 968 X,
1128 921 1188 973 cap.
1203 907 1237 965 4,
1252 901 1336 972 legit⁸

264 984 360 1036 borum
388 982 545 1049 hominum,
572 981 663 1036 dextra
688 985 777 1056 potius
822 986 961 1036 insertoris':
976 981 1057 1054 idque
1075 1001 1131 1034 esse
1142 981 1333 1052 iuterpretatur

265 1073 424 1116 ostentasset.
438 1059 528 1118 lisso.
822 1065 909 1116 lorum
925 1063 1006 1115 anulo
1018 1061 1117 1121 simile,
1136 1062 1208 1114 inter
1219 1058 1293 1132 quod
1307 1073 1336 1111 ea
1361 1110 1366 1119 ,

308 1159 354 1212 ag.
372 1142 447 1210 (ium
452 1145 475 1193 si
484 1142 682 1212 impedimentum.
695 1143 777 1208 Quod
820 1156 926 1196 scutum
943 1142 1082 1196 brachium
1100 1141 1237 1205 inseritur,
1261 1139 1334 1194 Gra·

266 1221 287 1272 si
307 1219 415 1291 objiciat
437 1221 532 1292 aliquis
556 1222 674 1274 futuram
698 1224 778 1276 fuisse
822 1241 915 1275 corum
930 1228 1072 1292 τελαμῶνα.
1087 1222 1144 1290 Ego
1155 1220 1225 1291 lego,
1236 1238 1333 1270 consm-

267 1299 462 1370 impeditiorem
486 1299 519 1353 ad
542 1319 678 1355 armorum
701 1321 776 1355 usnns
822 1306 898 1365 torio,
918 1300 951 1353 »id
972 1313 1026 1363 est,
1041 1300 1133 1352 militis
1150 1299 1282 1370 pugnacis
1303 1316 1333 1351 ac

266 1377 399 1434 dexteram
414 1398 537 1446 manum,
555 1382 575 1434 si
591 1381 671 1434 anulo
684 1399 778 1434 onera·
821 1381 973 1446 bellatoris,
991 1379 1039 1451 qui
1053 1381 1157 1434 fortiter
1169 1391 1196 1432 et
1213 1378 1335 1436 alacriter

266 1471 359 1512 retusi
379 1459 476 1514 seriore
496 1458 582 1514 adhuc
598 1472 686 1526 atate,
702 1488 712 1509 ι
726 1461 778 1516 boc
822 1479 919 1531 pugnas
936 1474 964 1514 et
982 1459 1118 1513 conflictus
1135 1472 1257 1529 tempore
1272 1476 1333 1511 cum

267 1549 323 1600 est,
336 1539 418 1592 multo
431 1551 489 1608 post
499 1540 613 1612 Trojnna
623 1553 774 1612 tempora,·
822 1543 899 1594 hoste
905 1559 998 1592 manus
1006 1539 1131 1592 conserit.
1139 1539 1334 1591 nic-Emi·

267 1618 340 1671 larvas
371 1615 479 1690 qiioque
505 1621 633 1673 insertum
663 1622 776 1674 anulum
822 1615 1336 1688 s.risus.Grasiserrorirrepsitlsicirs

267 1711 505 1770 esse,argumento
518 1713 572 1763 est,
586 1697 658 1770 quod
674 1701 700 1752 in
713 1701 780 1754 leva
823 1713 978 1754 contextum
1003 1699 1163 1752 Plinionnm.
1187 1697 1335 1765 legebatur

268 1795 348 1831 manu
364 1780 446 1847 majus
458 1779 678 1848 impedimentum
689 1782 779 1854 luerit,
822 1782 894 1834 enirn
906 1792 968 1832 ante
983 1797 1046 1832 nos:
1061 1776 1202 1844 «Quodsi
1219 1775 1335 1846 impedi·

268 1876 320 1929 qua
333 1876 430 1928 nempe
443 1871 548 1912 scutum
560 1861 674 1930 cupitur.
686 1861 779 1912 liano.
823 1872 943 1913 mentum
961 1859 1050 1929 potuit
1065 1859 1094 1911 in
1116 1877 1148 1910 eo
1161 1857 1196 1912 al.
1205 1856 1340 1927 intelligi,

268 1966 308 1980 -
326 1937 402 2007 Quod
421 1939 444 1988 si
468 1939 665 2008 impedimentum.
690 1940 779 1992 Aliam
822 1941 902 1994 etiam
914 1938 1073 1992 consertoris
1085 1957 1134 1990 usu
1149 1948 1335 2008 argumentum

267 2034 373 2072 canum
386 2017 464 2070 affert
479 2019 582 2071 Atreius
594 2017 780 2089 Capito‚apud
823 2031 873 2082 est,
889 2020 974 2090 majus
985 2019 1013 2072 in
1026 2019 1091 2070 lassu
1106 2017 1201 2079 luisse,
1210 2033 1264 2084 qna
1277 2033 1337 2068 scu-

269 2093 512 2150 Macrob.'Saturn.
524 2098 571 2150 lib.
581 2098 716 2169 V11‚cap.
736 2097 781 2162 13,
824 2111 881 2153 tuns
897 2099 1009 2168 rapitur.
1023 2123 1035 2146 ι
1059 2099 1099 2150 Ex
1116 2095 1252 2150 Hermolai
1269 2096 1335 2148 Bar·

272 2193 331 2246 pag.
348 2176 400 2230 625
416 2196 423 2226 ι
443 2202 453 2223 ι
466 2177 588 2240 Veteres,
603 2179 708 2246 iuquit,
725 2197 778 2230 non
824 2179 883 2232 bari
897 2177 1005 2230 officina
1018 2175 1120 2248 prodiit
1133 2174 1203 2228 istud
1216 2187 1335 2227 rosario·

189 2275 195 2288 ·
269 2267 390 2318 ornatus,
411 2253 457 2308 sed
478 2255 599 2327 signandi
620 2275 696 2310 causa
715 2276 779 2310 anu·
825 2261 858 2310 ris
875 2277 928 2311 uso.
945 2259 1010 2328 Reg.
1027 2277 1042 2310 s
1063 2255 1164 2319 codex,
1176 2251 1341 2325 lugdunen..

270 2332 326 2386 lum
343 2353 432 2388 secum
448 2335 669 2388 circumferebant
684 2358 691 2388 ε
709 2334 782 2390 unde
824 2336 981 2407 sinclita.
996 2355 1120 2408 quoque,
1137 2335 1223 2388 etalii
1239 2334 1337 2404 prulia-

270 2431 319 2468 nec
333 2413 391 2483 plus
406 2413 504 2467 linbere
521 2433 599 2486 quam
618 2435 701 2468 unum
720 2417 791 2480 lice-1
825 2417 901 2472 tioris
916 2430 1003 2480 notar,
1017 2415 1119 2468 uetiam
1131 2415 1239 2469 sertorii
1250 2432 1312 2467 nsua
1322 2440 1335 2459 ·

270 2493 782 2566 bat,neccuiquumnisiliberozquos
825 2497 979 2569 planissime
1016 2494 1152 2550 exhibent.
1187 2493 1338 2547 Parmensis

270 2574 340 2627 solos
359 2572 425 2627 fides
442 2574 614 2640 discerneret,
629 2576 783 2647 quassigna·
826 2576 925 2641 editio,
947 2596 1009 2629 curn
1034 2574 1200 2645 lllsodigino,
1225 2574 1338 2645 repetita

270 2654 331 2708 culo
344 2655 504 2711 continetur.
514 2652 782 2727 ldeojnsanulorum
825 2658 923 2729 prioris
958 2656 1031 2709 vocis
1064 2668 1198 2725 postrema
1232 2654 1338 2716 littera,

270 2732 361 2787 famuli
381 2752 435 2786 non
449 2734 589 2789 habebant.
603 2735 781 2805 Imprimeba·
828 2763 840 2785 ι
851 2738 932 2791 etiam
944 2736 1076 2789 insertorii
1090 2752 1139 2787 usn
1149 2760 1173 2800 ,ι
1186 2734 1259 2805 legit.
1266 2732 1338 2787 Tur·

271 2825 412 2865 turautem
423 2813 561 2884 sculptura
571 2815 782 2882 materiamen,
825 2814 1036 2883 nebo‚‚Adsers.
1053 2814 1102 2867 lib.
1115 2816 1175 2879 Vl,
1190 2831 1249 2883 cap.
1263 2834 1295 2875 a,
1312 2827 1340 2867 et

270 2891 326 2946 sire
341 2910 373 2945 ex
389 2892 477 2958 ferro,
493 2894 549 2947 sire
569 2911 601 2945 ex
612 2913 679 2947 auin
692 2894 781 2947 foret:
826 2896 1026 2959 Kirclimsnoo,
1040 2894 1088 2947 lili.
1109 2891 1144 2947 de
1157 2894 1270 2959 Anulis,
1280 2892 1337 2963 pla·

271 2984 297 3025 ct
323 2972 482 3043 gestabatur,
497 2985 527 3025 ut
554 2974 666 3043 quisque
687 2975 782 3037 vellet,
827 2976 998 3044 cuit-etiam
1010 2975 1208 3028 sartorisusns:
1223 2998 1235 3020 ι
1252 2991 1337 3045 quum

270 3068 438 3123 quacumque
447 3070 542 3117 moun,
554 3054 675 3123 quolibet
686 3052 781 3123 digito.
826 3074 878 3108 vox
889 3058 1003 3113 εανιονὶε,
1014 3072 1065 3123 pru
1077 3072 1110 3106 eo
1121 3052 1168 3123 qui
1177 3066 1260 3105 vestes
1271 3052 1338 3113 snit,

271 3130 364 3183 Postea
387 3150 448 3183 usus
470 3132 628 3185 luxuriantis
649 3134 731 3185 etatis
748 3135 783 3185 si·
826 3134 860 3187 sit
876 3135 968 3203 priscis
988 3134 1097 3204 ignota:
1119 3150 1184 3197 nec,
1198 3134 1219 3185 si
1231 3145 1337 3203 recepta

270 3222 394 3287 gnatursa
402 3210 523 3281 pretiosis
531 3213 641 3281 gemmis
651 3213 731 3283 coepit
744 3213 783 3265 in·
826 3231 856 3265 es
876 3216 961 3273 iores,
979 3224 1081 3265 constet
1099 3211 1188 3265 adhuc
1201 3212 1337 3265 sententia.

271 3290 419 3359 sculpere...
437 3292 505 3343 llinc
519 3292 615 3343 iactum
630 3304 668 3345 est
680 3305 708 3345 ut
720 3310 783 3345 usus
826 3292 995 3353 Gronovius,
1008 3291 1055 3363 qui
1070 3296 1169 3343 serioris
1183 3310 1239 3343 usus
1257 3291 1337 3343 etiarn

270 3370 411 3422 anulorum
426 3383 566 3440 exemptus
576 3368 706 3433 dextera,
723 3390 783 3441 qua
826 3372 977 3442 ingemino
993 3390 1043 3425 suo
1058 3370 1151 3425 codic'c
1167 3372 1243 3443 legit,
1255 3368 1338 3423 Aoad.

271 3448 385 3502 multum
400 3451 535 3519 negotium
551 3450 635 3519 gerit,
648 3451 675 3517 iu
689 3451 782 3504 levam
826 3464 853 3505 et
868 3452 1011 3513 vossiano,
1029 3451 1203 3504 nihilominus
1218 3470 1339 3503 armornm

270 3528 439 3598 relegaretur,
454 3548 513 3600 quse
526 3529 637 3581 otiosior
655 3543 694 3582 est
714 3548 720 3582 :
748 3549 782 3584 ne
826 3536 881 3585 risui
904 3531 1059 3603 reponebat.
1079 3532 1160 3584 Irrito
1180 3549 1274 3583 omsies
1292 3549 1338 3584 oo·

271 3607 367 3660 crebro
373 3606 782 3664 motuetoiliciornanusdextrre
825 3624 889 3665 nnta
899 3650 908 3677 ‚
920 3610 1012 3664 audaci
1026 3622 1097 3664 certe
1113 3624 1233 3663 veterum
1250 3629 1340 3663 essm-

271 3687 380 3756 pretiosi
395 3686 495 3758 lapides
509 3690 718 3759 frangerentur..
730 3688 764 3741 Η.
824 3692 938 3763 plarium
956 3690 1087 3761 neglectu.
1101 3690 1172 3754 Nos,
1186 3691 1284 3760 quibus
1296 3709 1339 3743 re·

312 3764 355 3819 30.
366 3767 451 3819 Etiam
461 3770 557 3819 serioris
568 3787 632 3821 usus.
644 3768 715 3821 Olim
727 3767 782 3821 edi·
824 3770 888 3841 ligio
908 3784 948 3823 est
964 3770 998 3822 als
1015 3788 1107 3822 eornm
1125 3770 1240 3841 vestigiis
1252 3768 1339 3823 disces

270 3853 349 3900 tuin:
373 3853 512 3900 consertam}
527 3867 580 3901 rurs.
596 3848 660 3917 Legi
677 3862 779 3918 potest.
825 3848 905 3913 dere,
933 3849 1050 3903 litterula
1076 3838 1155 3903 unica
1182 3849 1340 3913 immutata,

273 3944 359 3986 scum
383 3927 488 3979 sartoris
509 3946 556 3980 usu
575 3950 580 3979 ι
599 3954 610 3973 ι
637 3946 726 3981 verum
753 3928 781 3981 in
826 3932 921 3983 serioris
933 3950 989 3982 usus
1004 3930 1056 3999 legi
1071 3930 1211 3999 jussimus,
1229 3947 1260 3983 ac
1278 3930 1340 3982 scri·

262 4005 380 4076 ,antiquo
392 4003 483 4061 codice
493 4006 781 4077 legitumsarrors'susus,
826 4009 910 4079 psoris
930 4028 1034 4061 mosum
1058 4008 1277 4077 interpretatione
1292 4028 1339 4060 nos

269 4086 389 4141 Turneb.
406 4084 515 4139 Adsere.
538 4087 583 4139 lib.
599 4090 621 4137 V
626 4088 652 4152 l,
671 4108 728 4158 cap.
750 4108 782 4151 ²3
826 4102 879 4143 stra
889 4089 968 4159 primi
980 4090 1161 4159 patefecimus.
1175 4088 1242 4141 Nam
1254 4106 1341 4159 quom
