2950 5000
230 515 235 526 .
274 464 309 524 t·
446 468 597 536 trouu
624 471 818 540 xxxut.
1126 497 1165 569 ¹7

125 579 183 664 nem
205 599 241 666 ab
261 597 447 668 Hannibale
476 601 571 670 mitti.
599 605 691 672 Inter
719 588 942 697 Caepionem*
971 628 1103 701 quoque
1134 621 1169 678 et

121 703 242 774 Drusum
264 730 302 774 ex
321 705 425 776 unuln
443 707 478 774 in
498 701 651 778 auctione
670 708 797 795 venali,
818 709 997 778 inimicitiae
1016 735 1166 808 coepere:

118 809 287 905 uodeorigo
298 811 429 883 socialis
442 811 519 882 belli
529 812 564 896 ¹⁹,
577 829 614 884 et
625 816 722 886 exitia
741 840 864 884 rerum.
876 817 929 885 Ne
944 829 1015 896 turn
1029 817 1164 912 quidem
1182 840 1199 894 5

118 939 212 986 omnes
229 934 395 989 senatores
409 919 617 991 habuerunt:
642 937 760 1017 utpote
777 946 882 1016 quum
903 925 1065 1000 memoria
1082 947 1166 995 ato-

120 1045 174 1090 run
195 1023 285 1093 multi
298 1040 445 1118 praeturo
465 1051 597 1120 quoque
617 1028 743 1113 functi,
757 1030 792 1096 in
808 1027 898 1096 ferro
915 1033 1167 1118 consenuerint,

117 1129 183 1198 sicut
202 1128 418 1225 Calpurnium
430 1133 454 1160 '⁰
469 1147 502 1200 et
521 1132 740 1222 Manilium²¹‚
760 1135 818 1228 qui
836 1132 963 1229 legatus
976 1137 1050 1204 Caii
1066 1139 1168 1209 Marii

29 1297 34 1318 ,
115 1232 203 1304 meret
216 1239 418 1331 iugurthino
432 1236 534 1324 bello,
549 1238 735 1310 Fenestella
752 1239 853 1310 tradit
867 1266 875 1308 ε
890 1254 924 1310 et
942 1240 1038 1312 multi
1054 1245 1092 1312 L.
1106 1246 1168 1314 Fu·

113 1338 241 1410 lidium²²
254 1341 365 1430 illum,
387 1344 430 1413 ad
450 1369 547 1439 quem
568 1348 712 1416 Scaurus
731 1347 774 1416 de
793 1349 860 1415 vita
879 1370 938 1417 suu
957 1349 1110 1443 scripsit:
1131 1350 1168 1418 in

113 1447 305 1535 Quintiorum
319 1440 344 1478 ²³
359 1441 441 1521 vero'
468 1450 591 1520 familia
614 1476 754 1540 aurum,
784 1478 827 1522 ne
850 1453 988 1523 feminas
1015 1454 1166 1548 quidem,

112 1552 214 1624 hebere
234 1583 307 1626 mos
329 1557 450 1628 fuerit:
473 1557 647 1653 nullosque
668 1562 806 1630 omnino
824 1558 941 1628 anulos
961 1561 1068 1653 major
1087 1585 1167 1656 pers

111 1664 237 1752 gentium
257 1664 516 1759 hominumque,
532 1667 630 1734 etiam
645 1668 701 1760 qui
717 1667 780 1734 sub
801 1667 943 1760 imperio
963 1682 1080 1736 nostro
1102 1668 1164 1736 de·

110 1781 195 1860 gunt,
214 1769 377 1864 hodieque
400 1771 530 1840 habeat.
555 1773 632 1842 Non
657 1774 765 1866 signet
790 1773 911 1840 Oriens
932 1785 989 1841 eut
1003 1773 1199 1874 AEgyptuss
1313 1749 1319 1762 ⁵

108 1962 276 2036 Curtlttginern
309 1967 399 2032 missi,
435 1967 601 2040 dignitasque
645 1970 784 2040 utriusque
800 1967 947 2022 inimicitiis
962 1968 1065 2023 dictum
1077 1983 1161 2035 tutet,

107 2047 217 2113 equestris
241 2059 327 2100 taxata
349 2065 509 2100 mensuru-
534 2049 600 2102 Tres
643 2047 714 2102 libro
728 2048 870 2113 XXVIII,
888 2066 947 2118 etp.
965 2056 1013 2113 41.
1029 2048 1121 2104 Ilum

107 2124 199 2194 August.
219 2125 253 2178 de
273 2127 381 2180 Civitat.
403 2126 467 2193 Dei,
479 2127 527 2182 lib.
543 2129 599 2196 111,
687 2147 731 2198 19.
748 2127 854 2180 Socialis
874 2125 940 2181 delli.
956 2129 1019 2182 Sive
1033 2128 1159 2196 Marsici,

106 2219 152 2272 erp.
167 2223 195 2274 ¹9
208 2225 215 2260 ε
228 2228 239 2250 ·
254 2207 294 2259 De
305 2207 437 2260 Cannensi
449 2221 534 2260 nutem
548 2227 600 2260 ma·
642 2205 743 2278 dequo
753 2207 844 2260 livius
856 2207 884 2260 io
892 2207 1017 2279 Epitome
1029 2209 1048 2262 1.
1056 2210 1158 2277 LXXI,

105 2281 127 2332 lu
137 2283 192 2354 quid
207 2285 293 2339 dicam
307 2291 366 2340 i...
381 2283 453 2340 unde
468 2285 598 2341 Hunnilml
641 2287 746 2339 LXXII
771 2296 798 2339 et
816 2286 951 2350 LXXIII,
974 2306 1024 2340 nos
1047 2307 1155 2360 quoque

106 2373 148 2414 tm
168 2364 267 2418 modios
292 2366 433 2420 unulornnt
454 2385 597 2422 aureorum
639 2367 762 2438 superius
775 2363 809 2418 ad
822 2365 922 2419 librum
935 2368 1155 2440 theopenti.

105 2440 273 2516 Carthaginem
289 2445 360 2500 misit
376 2464 382 2499 ι
398 2463 453 2517 quo
466 2445 597 2519 intellige·
645 2477 679 2488 -
695 2446 724 2499 Iu
742 2447 814 2515 serre
835 2452 1009 2501 conseruauit.
1031 2449 1104 2504 Brot.
1121 2466 1155 2504 ex

105 2537 256 2579 renttantum
272 2526 299 2579 in
316 2516 364 2579 illo
377 2528 469 2597 prelio
481 2526 597 2599 dignita·
640 2524 779 2581 codicibus
797 2526 880 2598 Regg.
901 2538 930 2581 et
945 2527 1062 2585 editione
1077 2530 1155 2601 prin·

104 2614 147 2655 tem
155 2605 271 2659 cecidisse
285 2624 438 2671 romonem,
452 2617 481 2658 ut
494 2608 598 2662 Iucilius
639 2606 715 2677 cipe,
738 2608 855 2673 inferrer
870 2612 1050 2668 consenuerint,
1073 2610 1155 2664 mulo

104 2670 251 2757 amctperet
265 2704 402 2752 mensuro,
415 2704 494 2757 quern
506 2706 596 2741 nume·
638 2685 772 2740 videlieet.
789 2688 842 2740 En.

103 2778 145 2815 rut.
159 2790 169 2811 ι
185 2766 291 2829 Livius,
306 2766 352 2819 lib.
368 2766 482 2831 XXIII,
498 2769 596 2821 fantem
680 2784 722 2819 uo.
737 2765 905 2835 Calpurnium.
919 2766 958 2820 ΙΙ.
971 2767 1152 2841 Calpurnium

103 2856 147 2893 tete
162 2846 288 2899 veriorem
314 2844 431 2899 affirmat
453 2844 487 2899 de
514 2847 595 2901 unico
638 2844 801 2907 Flammam,
828 2844 863 2899 de
893 2865 948 2917 quo
974 2866 1024 2900 nos
1049 2847 1153 2919 egimus

102 2920 186 2977 nodio.
196 2926 268 2979 Utut
287 2938 344 2989 est,
353 2926 484 2996 sequitur,
494 2927 597 2997 equites
638 2926 686 2979 lib.
703 2925 872 2996 xx11,c·p.
887 2928 915 2978 6.
925 2926 1018 2996 lieno,

101 3006 248 3074 temptatione
260 3004 366 3066 anulos,
376 3022 468 3058 eureos
477 3005 594 3059 scilieet:
681 3022 726 3059 or.
736 3005 772 3056 Et
779 3004 918 3057 Manilium.
929 3004 973 3058 Sic
982 3005 1060 3059 etium
1071 3006 1151 3060 MSS.

100 3096 168 3149 quum
185 3086 255 3152 prins
272 3082 304 3139 id
324 3084 427 3137 senatui
447 3096 548 3137 tentum
563 3085 596 3137 li·
639 3084 684 3136 Ab
698 3084 796 3136 Oresio
805 3086 835 3136 t.
846 3084 978 3137 Manlium
992 3084 1152 3156 ilariilegt·

99 3174 165 3215 cent.
174 3164 205 3217 Et
216 3166 287 3218 hune
297 3164 482 3236 promiscuum
494 3164 597 3219 Plinius
638 3174 695 3216 tum
709 3162 837 3234 appelleri
849 3161 940 3216 tudio.
953 3163 1044 3217 Iliun.

100 3256 162 3294 esum
175 3258 254 3299 voert.
269 3245 365 3298 Hono.
682 3261 727 3296 υ.
740 3243 772 3294 L.
787 3240 918 3311 Fufidium.
935 3243 979 3296 sic
989 3244 1069 3297 MSS.
1082 3246 1149 3317 ¹¹⁸5·

135 3324 171 3375 rt.
203 3325 270 3377 Inter
297 3324 447 3393 Coepiouem.
480 3322 541 3375 Fuit
574 3322 598 3376 ie
642 3320 810 3386 „cicuitu
826 3340 882 3375 nou
900 3320 1033 3375 Fusidium.
1047 3323 1151 3395 Sicpn·

98 3396 125 3461 Q.
132 3399 364 3475 ServilinsCaepio,
372 3402 444 3455 bello
455 3401 544 3455 sociali
557 3402 596 3455 le·
638 3402 703 3455 riter
712 3399 900 3472 inscriptiones
907 3400 986 3454 turin
994 3399 1067 3475 opud
1077 3402 1150 3459 Gru·

97 3482 408 3546 praetermeantem,
427 3500 498 3535 enno
513 3482 596 3536 Urbis
639 3494 733 3535 terum.
761 3480 856 3533 Cicero
875 3498 984 3553 quoque
1005 3481 1034 3535 in
1054 3482 1149 3537 Bruto.

99 3558 160 3623 664,
190 3564 234 3629 qui
263 3564 466 3616 circumventus
491 3558 597 3615 insidii·
638 3559 831 3615 titan-120
845 3564 899 3611 vita
913 3579 960 3611 sua
976 3562 1149 3632 scriptiten-

98 3634 268 3697 Iumexercitn
283 3638 394 3695 cecidit.
414 3640 540 3710 Epitonte
553 3641 596 3693 Li·
638 3638 710 3694 dices
739 3640 822 3708 Regg.
849 3650 877 3691 et
899 3637 982 3692 editio
1005 3641 1149 3711 princeps,

98 3714 140 3779 tii,
150 3718 191 3773 lib.
205 3723 311 3778 LXXI:
333 3746 346 3769 ι
364 3720 404 3773 Μ.
420 3721 510 3773 Liuius
524 3722 597 3773 Dru·
637 3718 730 3773 scribit.
745 3719 785 3770 De
796 3716 888 3772 Soteri
902 3718 954 3770 vite
968 3719 1030 3772 sctit
1043 3718 1099 3773 dixi
1114 3718 1149 3773 ed

98 3799 252 3855 rustribonns
262 3802 301 3873 pl.
316 3799 424 3853 socialis
433 3799 496 3851 belli
505 3812 596 3855 auctor
638 3798 723 3853 Tacit.
730 3796 789 3850 vir.
801 3796 921 3867 Agrioot.
932 3813 990 3868 cup.
1007 3816 1031 3852 r.
1043 3801 1129 3853 Bnor.

97 3874 206 3944 ereditur,
215 3882 350 3934 incertum
365 3898 455 3951 equo,
468 3878 542 3932 domi
552 3898 598 3932 on·
679 3876 723 3931 23.
735 3877 767 3929 Ia
783 3876 946 3946 Qut'rttionutt.
967 3876 1146 3943 Quintiorum

97 3952 154 4007 titus
166 3972 225 4011 ert·
242 3956 528 4031 invidiacoeditapod
539 3959 597 4013 Cae·
638 3958 738 4011 Iumilie
764 3958 853 4009 Rome
879 3956 964 4019 clera,
991 3969 1018 4009 et
1039 3958 1150 4028 petricia

98 4032 189 4099 pionem
204 4039 271 4103 fuit,
285 4038 377 4111 iuquit
391 4038 481 4091 Aurei.
493 4038 595 4103 Victor,
639 4037 705 4099 luit,
718 4034 983 4105 inquuCincinneti,
993 4036 1149 4107 Cupitolini.

97 4108 136 4163 lib.
156 4112 187 4167 de
197 4118 270 4173 Viris
290 4118 390 4171 illustr.
409 4133 466 4186 etp.
488 4120 535 4173 66.
553 4118 594 4171 De
639 4113 772 4187 Crispini,
787 4114 944 4177 Flaminini,
960 4112 1070 4167 divertis
1085 4128 1153 4169 tem·

158 4214 216 4283 IX.
282 4298 287 4304 ⁵
980 4237 1008 4280 n
