2950 5000
312 442 359 509 80
584 440 623 507 C.
648 439 816 509 PLlNll
841 440 947 509 NAT.
972 440 1099 509 HIST.

312 574 404 643 tariis
425 571 497 641 fieri
519 585 728 665 compertum
756 584 817 641 est.
848 574 1022 641 Invenitur
1048 587 1082 641 et
1111 572 1146 639 in
1172 570 1383 666 plumbariis,

313 678 410 749 vilior
422 679 521 747 etiam
544 678 685 745 auraria.
709 680 750 745 ln
768 678 922 747 omnibus
940 692 1052 747 autem
1074 678 1113 747 iis
1135 678 1276 748 metallis
1294 680 1334 749 fit
1351 694 1385 749 et

313 810 408 870 cura,
428 781 569 851 multum
588 784 674 851 infra
689 782 874 853 naturalem
897 782 1010 853 illam:
1037 785 1189 854 immissis
1210 785 1244 853 in
1263 809 1384 855 venam

313 893 406 985 aquis
424 890 541 958 leviter
555 889 663 957 bieme
681 904 771 975 tota,
796 892 948 984 usquein
963 890 1094 983 junium
1113 916 1260 961 mensem
1281 918 1288 959 ε
1308 892 1386 961 dein

313 998 442 1067 siccatis
462 997 496 1063 in
513 996 610 1086 junio
625 1010 660 1063 et
675 994 780 1088 julio:
801 1011 839 1064 ut
855 996 952 1091 plane
968 995 1167 1092 intelligatur
1189 996 1273 1067 nihil
1296 996 1385 1066 aliud

281 1145 295 1177 2
314 1100 537 1197 chrysocolla,
559 1125 658 1194 quam
677 1124 761 1170 vena
786 1104 902 1193 putris.
931 1090 1075 1171 Nativa⁴
1096 1102 1217 1172 duritia
1239 1106 1384 1173 maxime

314 1209 430 1295 distat;
441 1207 564 1277 luteam
576 1221 711 1277 vocant.
724 1192 785 1275 Εῑ5
799 1222 909 1277 tumen
925 1206 980 1278 illa
996 1233 1128 1302 quoque
1142 1208 1247 1277 herba
1260 1262 1270 1295 ,
1284 1234 1385 1303 quam
1420 1268 1427 1287 ,

314 1314 421 1383 lutum
442 1298 640 1408 appelluut⁶,
654 1315 803 1408 tingitur.
819 1313 967 1383 Natura⁷
984 1330 1053 1399 est,
1069 1340 1143 1408 quae
1157 1312 1226 1385 lino
1243 1313 1383 1399 lanaeve,

315 1421 358 1489 ad
378 1444 515 1489 succum
538 1419 729 1488 bibendum.
750 1407 934 1488 Turulitur⁸
959 1422 993 1489 in
1018 1418 1104 1516 pila,
1131 1419 1273 1489 deinde-⁹
1295 1423 1386 1491 tenui

314 1527 425 1596 cribro
434 1527 596 1595 cernitur:
607 1540 722 1620 postea
738 1524 884 1611 molitur,
897 1548 936 1594 ac
948 1526 1067 1596 deinde
1083 1527 1215 1597 tenuius
1223 1525 1248 1551 ¹⁰
1262 1527 1385 1597 cribra·

356 1696 384 1756 4.
394 1690 496 1743 Nativa.
505 1689 601 1742 Nativa
613 1688 739 1743 laetitiam
751 1690 829 1741 istem
871 1690 942 1751 sius,
961 1691 1035 1742 lotan
1055 1703 1101 1742 eut
1121 1692 1210 1743 loton:
1228 1692 1273 1745 bio
1295 1704 1387 1745 noster

314 1769 508 1844 chrysocollam
523 1768 620 1822 duritia
634 1781 750 1839 superat.
765 1769 800 1821 H.
871 1770 1025 1839 planetico.
1047 1770 1159 1835 Statius,
1178 1796 1190 1817 ι
1203 1764 1307 1824 Natura
1328 1784 1388 1835 est,

357 1853 383 1904 5.
410 1850 446 1901 Et
469 1862 556 1901 samen.
581 1850 614 1901 Et
632 1848 828 1909 nibilominus,
871 1866 932 1921 que
946 1849 1001 1901 lino
1013 1850 1113 1903 laneae
1126 1849 1160 1903 ud
1171 1869 1281 1904 succum
1296 1850 1387 1905 biben-

315 1948 398 2001 quum
406 1929 477 1982 lutea
485 1929 638 2000 appelletur,
649 1926 731 1979 berbs
741 1939 829 1980 tamen
872 1928 964 1980 dum.»
977 1930 1054 1982 Voss.
1064 1930 1268 1993 sarumVoluit,
1279 1932 1387 2002 opinor,

314 2028 376 2081 qoae
391 2010 477 2061 lutum
487 2020 665 2078 nuncupatur,
676 2004 733 2076 ipss
747 2006 825 2076 tingi·
865 2008 966 2075 sucum,
981 2006 1007 2061 id
1023 2021 1077 2073 est,
1090 2008 1218 2062 colorem.
1232 2010 1326 2063 Gsor.

316 2102 370 2143 tur.
393 2089 434 2141 Ut
457 2088 545 2141 lutum
568 2083 626 2149 (sic
650 2086 723 2138 enim
750 2086 830 2139 MSS.
913 2108 939 2154 7.
954 2088 1062 2141 Natura.
1074 2088 1264 2161 chrysocolla.
1279 2086 1374 2143 Hsso.

315 2186 409 2222 omnes
430 2164 560 2231 habent)
585 2184 631 2219 seo
655 2166 766 2219 herbam
794 2165 832 2219 lu·
914 2168 940 2221 ⁸.
957 2168 1086 2221 Tenditur.
1098 2166 1183 2221 Pilsm
1201 2168 1265 2223 alibi
1284 2170 1387 2223 monui»

266 2269 273 2284 =
315 2262 388 2301 tesm
409 2246 531 2299 eamdem
548 2263 604 2300 esse
622 2262 732 2317 negem,
752 2258 831 2316 atque
872 2262 932 2299 mus
954 2260 1074 2301 essem
1095 2265 1258 2315 concavum,
1285 2249 1314 2301 in
1331 2268 1386 2322 quo

316 2328 409 2389 turin,
422 2327 478 2379 sive
491 2324 660 2388 nitrum,de
674 2342 729 2395 quo
740 2324 831 2389 xxtt,
871 2324 938 2397 quid
958 2327 1080 2397 pinsitur,
1096 2326 1281 2399 tunditurque.
1308 2330 1386 2383 Nunc

319 2426 347 2465 s,
371 2403 439 2457 illud
462 2404 490 2456 in
510 2404 604 2476 primis
623 2404 652 2457 in
677 2422 756 2457 cansa
776 2416 831 2470 est,
872 2410 1012 2457 mortarium
1023 2419 1127 2459 vocent.
1140 2406 1260 2460 Similem
1273 2408 1330 2461 l'ere
1342 2427 1387 2479 pa·

317 2484 392 2559 quod
404 2486 476 2538 luteo
494 2484 585 2538 colore
597 2483 641 2537 illa
654 2481 750 2548 inticis,
761 2482 832 2538 isatis
872 2482 962 2538 raudus
985 2482 1183 2558 probandaeque
1212 2486 1387 2559 chrysocolla

317 2567 439 2620 ceruleo.
449 2565 540 2630 Quare
549 2563 646 2616 eserulo
656 2565 736 2616 mixta
749 2564 831 2616 herba
872 2564 984 2619 modum
1003 2567 1082 2619 allert
1096 2566 1185 2620 Diosc.
1200 2568 1238 2632 V,
1256 2575 1321 2630 sot.
1331 2567 1366 2620 Η.

316 2645 418 2704 lutum.
440 2643 555 2697 viridem
575 2644 687 2696 mxime
710 2643 830 2696 colos-esu
913 2663 940 2712 9.
970 2645 1036 2698 Dein
1062 2648 1127 2698 tenui
1149 2647 1228 2699 cribro
1246 2651 1385 2702 και-πίτυν.

317 2725 407 2778 efficit.
417 2722 504 2775 Testis
516 2722 674 2776 Vitruvius:
687 2748 699 2770 ι
710 2722 765 2786 Qui
776 2741 830 2776 non
872 2724 950 2777 Voss.
965 2739 993 2778 et
1004 2724 1122 2778 Pintisni
1136 2727 1205 2779 liber
1216 2727 1295 2779 cribro
1310 2731 1386 2780 cemi-

317 2815 430 2876 possunt
447 2803 615 2875 chrysocolla
633 2816 742 2873 propter
765 2802 831 2856 cari·
873 2813 920 2854 tur.
936 2804 997 2858 Lib.
1010 2804 1120 2866 xvttt,
1139 2822 1169 2860 tr
1188 2826 1195 2854 ι
1211 2831 1222 2854 ι
1239 2807 1387 2878 postesque

318 2897 398 2938 tarem
411 2881 560 2947 uti,berba
573 2881 727 2952 qualorum
742 2881 831 2952 appel·
872 2885 947 2954 gypsi
968 2903 1028 2954 pars
1051 2897 1143 2954 quarta
1163 2884 1336 2957 inspergitur,
1352 2899 1387 2940 at·

318 2964 397 3026 latur,
406 2961 532 3015 cerulum
543 2961 677 3026 inficiunt,
688 2973 713 3013 et
721 2973 832 3014 utuntur
872 2979 938 3032 que,
958 2975 987 3016 ut
1008 2962 1135 3028 cohesit,
1156 2965 1268 3018 lerinam
1293 2965 1385 3020 cribro

318 3039 482 3096 viridissimo
490 3040 608 3094 colore.»
619 3039 691 3094 Vide
700 3041 832 3111 egregiam
872 3041 1043 3095 subcernuut.
1057 3043 1124 3108 Qu:
1143 3043 1172 3097 in
1186 3062 1219 3096 eo
1243 3046 1385 3111 remansit,

317 3141 398 3192 super
423 3139 456 3173 eo
474 3133 631 3191 argumento
655 3119 752 3172 Ruellii
770 3138 832 3173 con·
872 3123 1019 3192 excepticia
1031 3123 1192 3194 appellatur,
1205 3135 1230 3175 et
1243 3123 1384 3194 grandissi-

318 3200 507 3264 certstionem,
534 3199 570 3251 de
594 3201 655 3252 Nat.
688 3200 764 3270 stirp.
787 3199 831 3266 tt,
873 3217 915 3252 rna
939 3213 986 3254 est.
1011 3201 1191 3273 Rursusque
1214 3203 1328 3270 musiit,
1347 3222 1386 3256 sr-

318 3301 347 3352 p.
364 3279 430 3345 434.
448 3278 482 3332 tl.
496 3309 535 3321 -
549 3278 600 3330 lua
613 3279 696 3344 letha,
709 3297 781 3350 quam
792 3279 831 3329 lu·
872 3280 954 3332 ctiore
968 3281 1086 3334 cernitur
1101 3293 1127 3332 et
1140 3279 1298 3336 secundaria
1311 3301 1385 3337 vocs·

318 3377 369 3412 sum
380 3358 512 3429 appellant.
530 3359 630 3410 Lutum
643 3358 722 3411 nobis
734 3369 775 3410 est
788 3358 832 3410 Re-
872 3369 924 3412 tur.
938 3383 949 3405 ·
970 3359 1029 3412 Lib.
1038 3359 1153 3424 XXXV,
1168 3364 1203 3425 6,
1219 3359 1254 3414 de
1267 3361 1362 3416 Indico
1376 3379 1383 3414 :

318 3441 376 3493 seda
388 3437 477 3490 luteola
493 3433 647 3500 (Dodecand.
663 3440 754 3508 trigyn.
768 3455 830 3506 gen.
875 3463 887 3486 ι
901 3456 985 3508 quum
997 3439 1125 3504 cernitur,
1135 3431 1258 3510 nigroni;
1269 3441 1336 3501 stin
1345 3439 1385 3492 di·

323 3520 398 3576 1188
411 3517 483 3570 Pers.
495 3515 628 3587 Cappors'd.
643 3515 715 3586 affin.
729 3517 746 3569 J
749 3507 831 3585 usn),
871 3515 970 3570 luendo
980 3518 1122 3571 misturam
1132 3537 1259 3590 purpura
1269 3521 1385 3574 cerulei·

317 3598 354 3652 sle
364 3616 415 3670 qus
423 3597 477 3666 jam
489 3595 554 3648 alias
568 3596 678 3666 egimus.
688 3597 739 3650 Eu.
870 3614 925 3667 que
947 3596 1095 3650 mirabilem
1117 3595 1233 3652 reddit·
1247 3597 1293 3654 Sic
1315 3601 1384 3653 berse

360 3681 387 3732 6.
399 3676 448 3729 lua
457 3695 548 3747 quoque
559 3675 640 3740 herba,
655 3695 726 3746 quom
741 3675 829 3726 laesam
871 3676 1028 3742 Sslmasius,
1043 3695 1126 3746 quum
1147 3689 1174 3730 et
1191 3678 1220 3730 in
1232 3679 1311 3733 Voss.
1331 3679 1384 3742 sit,

317 3757 457 3829 appellans,
480 3767 530 3808 etc.
543 3756 621 3808 Voss.
648 3775 718 3826 quam
745 3753 829 3807 lassum
870 3767 990 3808 cernatur.
1002 3755 1093 3810 Gnots.

317 3839 356 3891 Ut
376 3849 403 3890 et
423 3834 513 3887 infra:
537 3836 672 3888 «Lutesm
694 3847 787 3906 putant
813 3853 828 3886 s
917 3852 959 3888 ro.
974 3835 1014 3886 Ao
1034 3833 1120 3888 deiude
1140 3836 1384 3890 tsmsiuuiccn'bm·

316 3919 374 3971 luto
386 3915 469 3967 herba
486 3911 594 3967 dictam.
608 3940 620 3961 ι
635 3913 689 3966 Ubi
703 3913 829 3985 praecepit
873 3925 920 3968 tur.
936 3913 1052 3968 Detrabe
1065 3915 1220 3985 particulam
1231 3919 1267 3968 sio
1279 3934 1309 3968 ex
1319 3915 1385 3967 auti·

315 3995 457 4051 Salmasius
479 3991 513 4046 ad
530 3994 613 4047 Solin.
631 4013 692 4065 pag.
710 3993 776 4046 255.
794 3995 829 4045 Et
873 4012 927 4064 quo
941 3991 1383 4064 codice,espau10pou,tmm,

316 4091 404 4130 tamen
420 4072 481 4126 libri
499 4087 617 4139 veteres,
630 4073 730 4144 quibus
744 4071 828 4126 inteu-
871 4092 927 4126 uun
938 4073 1081 4138 lomestarn,
1094 4071 1206 4128 ibidem.
1221 4075 1302 4128 Pras.
