2950 5000
350 451 353 460 '
431 450 585 520 LIBER
617 451 775 520 XXXV.
850 449 854 458 ⁴
1070 449 1134 520 281

92 579 261 668 insumet
287 581 513 652 monumentis
534 607 647 653 rerum
678 585 712 652 in
740 583 934 677 magistratu
960 595 1137 678 gesturum.

90 685 159 756 Alias
175 687 251 757 loris
265 703 301 757 et
320 689 411 758 eires
427 686 541 757 limina
555 688 755 760 domitarum
775 689 926 784 gentium
937 673 960 714 ¹⁸
980 690 1139 784 imagines

88 807 184 878 erent,
197 793 304 863 affixis
316 793 464 863 hostium
483 793 611 888 spoliis,
631 819 705 890 qum
722 819 784 864 nec
802 795 944 889 emptori
961 794 1101 888 refigere
1113 793 1139 834 ¹⁹

88 893 202 984 fimet,
220 898 539 994 triumphabantque
558 902 658 972 etiam
676 901 818 971 dominis
836 901 971 969 mutatis
988 901 1067 994 ipsis
1083 900 1158 972 do.

86 1027 166 1072 mus:
176 1019 209 1074 et
222 1019 296 1074 emt
311 1005 383 1074 baec
395 1003 576 1077 stimulatio
591 1007 722 1102 ingens,
740 1005 1018 1101 exprobrantibus
1032 1007 1137 1094 tectis,

85 1110 215 1202 quotidie
239 1110 408 1180 imbellem
438 1110 612 1183 domiuum
634 1110 758 1184 intrare
786 1115 820 1181 in
846 1110 989 1182 alienum
1018 1112 1134 1180 trium·

84 1213 185 1307 phum.
202 1219 320 1286 Exstat
339 1215 491 1286 Messalae
508 1221 649 1288 oratoris
663 1218 861 1313 indignatio,
883 1241 949 1312 qua
967 1217 1138 1311 probibuit
1157 1227 1173 1282 5

84 1319 169 1390 inseri
187 1323 279 1416 genti
296 1346 366 1391 sure
389 1323 628 1393 Levinosum²⁰
648 1324 789 1394 alienam
808 1325 997 1418 imaginem.
1019 1322 1138 1394 Similis

82 1448 168 1495 musa
180 1425 334 1496 Messalae
345 1429 416 1497 seui
429 1431 590 1523 expressit
604 1429 774 1500 volumina
791 1427 866 1512 illa,
881 1451 955 1523 qum
973 1428 1017 1497 de
1034 1431 1138 1498 Fami·

80 1526 389 1627 liiseondiditquum
398 1535 561 1630 Scipionis
568 1536 812 1632 Pomponiani⁸'
820 1536 992 1604 transisset
1003 1535 1138 1624 atrium,

116 1707 157 1759 sd.
170 1706 439 1776 Douimmrsgeuu'am
452 1708 579 1778 imagmes.
625 1713 681 1764 6²2
699 1727 707 1762 τ
725 1735 738 1758 ι
751 1707 822 1761 Fixit
844 1709 915 1778 leges
933 1705 1041 1777 pretio,
1059 1719 1139 1780 atque

78 1783 147 1837 Prius
160 1784 310 1856 legebatur,
337 1789 470 1838 animemus
494 1791 580 1856 iuges·
623 1788 735 1842 refixit·
754 1787 832 1840 Prius
848 1789 980 1856 refringere
995 1787 1150 1855 legebatur„

77 1867 129 1915 tin
148 1867 274 1935 indgiaes.
293 1864 432 1918 Pintianus
452 1867 581 1936 eonjieie·
623 1868 727 1923 vitiose.
740 1867 772 1920 ln
787 1867 852 1938 Reg.
870 1885 896 1928 e,
912 1865 1030 1935 refirgm.
1042 1867 1077 1920 ll.

76 1941 131 2008 bat,
144 1945 279 2000 alienarum
292 1947 410 2013 gestium.
427 1944 517 2008 Alius,
535 1949 582 1997 ssi·
663 1966 710 2000 ao.
724 1945 909 1998 Lerinorum.E
923 1956 1002 2016 gente
1012 1945 1137 2009 Valeria,

74 2041 150 2074 m
163 2029 284 2093 gentian.
294 2024 402 2094 Inlleg.
417 2027 580 2087 mandorum
621 2045 653 2078 ex
666 2039 754 2097 quaet
769 2026 886 2078 Messala
901 2023 1057 2094 prodierunt
1070 2023 1136 2078 :sed

72 2108 181 2172 gausa.
198 2105 230 2156 lu
246 2103 366 2156 colbert.
379 2105 407 2168 3,
421 2103 577 2159 ᾰωὶεοηια.
621 2104 731 2159 lamilirs
744 2103 867 2158 diversas.
878 2105 912 2156 H.
929 2135 968 2146 —
982 2104 1137 2156 Leriuoruns.

73 2180 146 2234 Unde
160 2181 235 2235 baud
252 2180 334 2234 dubia
354 2183 524 2253 conjectum,
537 2183 580 2238 do·
620 2185 693 2238 Brot.
711 2185 871 2236 Lmrinorum.
883 2183 915 2235 ln
930 2183 1047 2236 nummis
1062 2184 1135 2237 euim

73 2263 177 2312 airam
188 2263 318 2318 fecimus,
329 2279 411 2332 quum
420 2262 453 2314 sit
462 2281 522 2316 mos
532 2263 579 2317 ille
620 2261 758 2336 Fastisque
765 2262 924 2334 Capitolinis
936 2281 1139 2317 vasnasusnas·

71 2338 203 2412 bsdieque
219 2353 361 2410 receptus,
382 2340 430 2412 qui
448 2343 502 2413 jam
519 2355 576 2395 tum
619 2345 774 2396 vravs.En.

71 2418 96 2470 is
111 2437 160 2472 usu
182 2421 250 2481 fnit,
267 2433 299 2472 ut
324 2419 444 2472 hostibus
459 2419 577 2474 detracta
661 2424 811 2492 sutirum
828 2420 948 2492 Scipionis
965 2420 1136 2490 Pomponiani.

69 2499 166 2570 spolia,
179 2502 323 2571 signoque,
340 2500 419 2553 affixa
438 2497 576 2563 domibus,
617 2501 650 2556 ld
663 2502 688 2555 ei
705 2520 852 2573 osguomen
866 2522 882 2555 a
900 2500 1048 2573 Pomponio
1065 2501 1136 2554 obti-

69 2577 229 2633 donitarnm
244 2579 367 2650 gentium
383 2580 505 2650 symbola
522 2582 577 2634 sint
618 2581 845 2653 gissesignideut,
858 2580 967 2633 bomine
980 2579 1133 2651 praedivite,

68 2670 94 2711 et
111 2671 278 2729 argumenta.
296 2658 403 2720 Livius,
418 2658 444 2710 X
455 2676 463 2712 τ
476 2681 488 2703 ι
501 2658 577 2724 Quo-
618 2662 695 2733 eujus
712 2661 795 2713 filiam
817 2659 933 2713 duxisset
956 2678 1065 2713 uxorem
1084 2680 1092 2711 ε
1109 2672 1137 2713 et

67 2754 123 2790 mm
135 2738 235 2791 domos
247 2738 340 2809 spoliis
356 2738 476 2821 bogtium
491 2739 577 2792 affixis
618 2742 695 2817 eujus
708 2752 864 2794 testamento
884 2740 968 2793 fartus
979 2740 1063 2793 bures
1079 2738 1136 2792 Soi-

66 2816 181 2887 imigues
213 2819 282 2871 inter
316 2816 379 2870 alias
413 2818 536 2871 leoeritis.
561 2842 573 2865 ι
618 2819 665 2890 pio
682 2820 786 2885 luerat,
802 2831 831 2871 ut
844 2818 1020 2891 Pomponiani
1035 2836 1134 2872 nomen

67 2895 123 2949 lib.
131 2898 231 2950 mu
246 2915 255 2951 ε
268 2898 350 2962 «Qui
362 2896 448 2969 spolie
458 2914 491 2949 ex
501 2898 577 2951 beate
618 2912 774 2962 assumeret.
789 2896 883 2951 Eidem
898 2910 984 2951 autem
998 2896 1135 2969 Scipioni,
1214 2910 1217 2917 '

66 2974 116 3028 fixa
134 2975 214 3029 domi
232 2976 370 3029 baberent.
383 3002 396 3023 ι
416 2978 527 3029 Suetou.
548 2976 577 3031 iu
619 2977 734 3030 fortassis
747 2996 761 3031 a
775 2988 884 3049 isareute
900 2978 1135 3051 acceptum'etiam

66 3052 184 3117 Herone,
198 3074 322 3119 sumt,
333 3054 381 3108 ubi
390 3054 425 3108 de
439 3055 522 3109 Urbis
535 3056 577 3108 in·
619 3056 762 3111 Sdutiouis
772 3057 919 3125 cognomen
929 3050 1013 3119 baesit',
1028 3058 1064 3110 ob
1077 3058 1137 3129 sul·

65 3132 183 3188 meto:
201 3136 302 3188 1Tuue
310 3146 406 3205 praeter
415 3134 577 3188 immensum
618 3146 661 3189 tus
681 3132 900 3200 similitudinem,
920 3149 951 3189 ut
970 3134 1071 3188 dietum
1093 3149 1136 3190 est

64 3230 210 3266 meum
225 3214 387 3278 intuleram,
407 3212 504 3267 domus
521 3215 577 3284 pri·
618 3214 687 3279 vn,
701 3232 746 3268 so.
756 3244 795 3257 -
807 3214 974 3285 Pomponiani.
995 3214 1042 3268 sio
1055 3216 1132 3270 MSS.

63 3309 170 3346 mm
181 3290 284 3346 dueum
295 3306 425 3358 asserum,
435 3293 577 3348 hostilibus
618 3294 685 3366 lleg.
702 3312 736 3359 s,
751 3292 828 3347 colb.
847 3294 881 3359 3,
895 3292 1037 3365 caeterique
1049 3314 1056 3348 :
1068 3296 1135 3349 Par·

64 3368 413 3442 «hueepoliisadomatm
425 3372 577 3427 eto-Vidit
620 3373 717 3426 mensis
734 3372 843 3445 quoque
863 3368 962 3439 editio,
976 3386 1004 3427 st
1017 3374 1076 3428 alias
1087 3394 1134 3428 re·

63 3449 113 3504 lsoe
122 3470 236 3522 quoque
244 3452 407 3505 Gronovius.
418 3452 509 3505 Haau.
617 3453 743 3506 tuatiores
757 3452 912 3507 Hermolao.
924 3454 980 3507 Cur
993 3450 1019 3505 id
1031 3472 1133 3507 nomeu

105 3546 150 3599 ¹9·
169 3528 292 3599 lifigen.
308 3529 462 3598 devellere,
485 3529 576 3585 detra-
617 3533 647 3584 in
659 3532 776 3601 Africani
788 3544 878 3603 postea
893 3530 1079 3601 immutarier,
1094 3533 1134 3585 in·

65 3606 127 3661 ltere
145 3607 205 3661 fin
222 3609 250 3661 iu
268 3608 378 3662 sublimi
396 3610 465 3664 loeo.
480 3611 576 3665 Cicero
616 3624 731 3665 eertum.
742 3610 851 3664 Factum
861 3608 923 3665 sau'e
933 3625 1033 3665 temere
1041 3624 1068 3665 et
1078 3612 1134 3665 im·

64 3688 141 3757 epist.
159 3686 198 3740 ad
214 3687 309 3740 Famil.
330 3688 397 3751 nn,
411 3707 445 3742 t:
465 3716 477 3738 ι
491 3690 576 3762 Cujus
617 3690 710 3763 perite.
728 3690 794 3743 Mox
810 3708 873 3743 vero
890 3708 923 3743 ex
939 3688 1035 3743 iisdem
1053 3690 1134 3747 MSS.

63 3781 113 3819 esa
123 3767 241 3837 refigere
251 3764 485 3841 debebamus‚ejus
495 3770 575 3823 etiam
617 3768 768 3834 edidimus,
786 3794 798 3817 ι
813 3770 963 3823 Salutiones
979 3766 989 3829 (
997 3769 1048 3827 boo
1061 3772 1133 3824 enirn

62 3844 243 3916 ebirognpba
251 3844 453 3901 defendimus?-
464 3848 498 3901 Εἰ
508 3849 573 3901 Phi·
616 3850 640 3903 ei
655 3851 740 3902 fuerat
752 3845 931 3920 cognomen),
944 3848 1132 3903 Africanorum

63 3922 128 3994 lipp.
144 3924 215 3985 m,
234 3943 265 3976 n.
281 3942 337 3977 ηε
353 3926 442 3979 «Num
457 3928 574 3999 ligantur
616 3926 747 3982 dedeeore
759 3928 906 3999 irrepentes
914 3928 1070 3999 Scipionum
1085 3947 1135 3983 uo·

62 4003 211 4056 mh:
223 4002 413 4073 tabulae‚quas
423 4024 470 4059 voa
482 4006 576 4061 deere-
618 4007 694 4061 mini.
708 4032 719 4054 ι
735 4007 827 4073 Quum
843 4007 907 4060 libri
921 4006 1018 4079 vulgati
1034 4026 1090 4078 pre
1105 4026 1134 4061 se

62 4080 364 4135 tkreufflmfixistis·
376 4084 448 4155 virg.
459 4088 574 4151 Emvl,
618 4086 719 4151 lerunt,
740 4112 752 4136 ι
770 4087 915 4142 Solutiosis
930 4084 1000 4150 (buc
1016 4084 1087 4141 enim
1107 4087 1135 4140 ei
