2950 5000
322 386 394 485 570
589 336 1122 461 camarinnani.

320 519 613 591 Intercatiensem⁷
636 519 745 607 illum,
767 521 862 614 cujus
892 535 1020 615 putrem
1045 506 1175 615 Scipio⁸
1199 520 1371 591 AEmilianus

322 652 364 697 ex
382 630 621 721 provocatione
635 627 863 713 interfecerat,
878 632 998 721 pugnae
1011 626 1082 719 ejus
1100 626 1212 721 effigie
1223 630 1370 723 signasse:

321 732 458 827 vulgato
481 731 636 802 Stilonis⁹
656 735 841 803 Praeconihi
867 731 953 817 sale,
975 734 1134 825 quidnam
1161 735 1256 804 luisse
1278 735 1371 803 lactu·

321 837 428 907 rum¹⁰
439 864 536 921 cum,
551 840 578 907 si
593 840 705 932 Scipio
715 863 735 907 a
747 854 842 933 patre
859 839 930 933 ejus
942 842 1161 933 interemptus
1176 856 1267 910 meet.
1278 842 1372 909 Divus

322 947 492 1039 Augustus
515 947 601 1015 inter
621 946 713 1013 initia
732 946 874 1039 sphinge
896 944 1083 1039 signavit¹¹.
1106 948 1201 1015 Duas
1221 948 1372 1015 inmanis

320 1049 429 1120 anulis
452 1052 521 1144 jam
547 1050 732 1121 indiscretae
754 1051 974 1121 similitudinis
993 1052 1176 1121 invenerat.
1196 1051 1301 1121 Altera
1321 1076 1372 1146 per

323 1155 410 1225 bella
421 1156 546 1239 civilia,
558 1157 693 1225 absente
708 1182 760 1243 ec,
776 1159 873 1225 amici
882 1158 1053 1252 signavere
1063 1158 1219 1251 epistolas
1227 1174 1260 1227 et
1270 1158 1372 1243 edicta,

323 1287 401 1356 quae
422 1264 508 1332 ratio
526 1278 715 1357 temporum
735 1264 869 1331 nomine
893 1264 963 1355 ejus
980 1262 1075 1331 reddi
1096 1262 1296 1357 postulabat,
1315 1286 1372 1331 uon

319 1368 464 1437 infaceto
481 1368 595 1462 lepore
611 1370 845 1463 accipientium
861 1371 1035 1463 aenigmata
1053 1368 1177 1438 afferre
1194 1394 1264 1439 eam
1276 1370 1372 1463 sphin-

318 1500 403 1568 gem.
422 1476 626 1563 Quinetiam
643 1478 835 1545 Maecenatis
850 1472 973 1561 rana¹²‚
991 1498 1052 1569 per
1067 1472 1276 1545 collationem
1294 1498 1374 1571 pecn-

317 1657 491 1711 Plutarchum
503 1660 532 1711 in
542 1658 625 1732 Sylla.
636 1661 704 1711 Du..
715 1688 758 1699 -
770 1661 833 1712 Tra·
876 1658 965 1729 Scipio
974 1658 1143 1723 AEmilisnus,
1153 1660 1185 1713 L.
1193 1660 1267 1713 Pauli
1276 1660 1305 1711 F.
1315 1658 1374 1712 Atii·

317 1738 408 1789 ditione
422 1738 559 1807 Iugurthae.
573 1740 633 1792 Hoc
645 1751 695 1801 est,
705 1738 792 1809 sigillo
804 1740 831 1791 in
876 1738 935 1791 cuni
948 1756 1046 1809 nepus,
1062 1736 1108 1790 sed
1121 1737 1280 1809 adoptivus,
1294 1758 1377 1809 proro-

318 1834 373 1887 quo
386 1818 505 1870 booehm
524 1830 581 1872 arat
600 1818 763 1889 insculptus,
782 1820 832 1871 Ju-
875 1818 1374 1871 catorembsrborumtribunustuilitnm
1436 1812 1437 1817 ¹

318 1897 442 1967 gratham
450 1896 530 1967 Sylla
543 1896 658 1951 tradens.
670 1898 832 1953 Plutarchus
875 1896 983 1950 oceidit.
998 1922 1010 1943 ι
1026 1892 1117 1949 Hsnn.

319 1976 348 2027 in
360 1976 463 2042 Mario,
478 1996 538 2048 pag.
555 1984 608 2041 411
623 1998 630 2028 ι
644 1979 723 2037 Αὐτός
733 1998 761 2031 τι
774 1980 833 2033 Σὺλ-
917 1994 945 2045 9.
967 1974 1076 2029 Stilonis.
1098 1978 1138 2029 De
1156 1996 1190 2029 eo
1208 1976 1236 2029 in
1250 1990 1375 2031 suetorum

317 2062 363 2115 λας
371 2052 499 2126 appaqida
509 2056 673 2127 ποιησάμενος
682 2059 768 2127 ipipas,
778 2064 832 2129 γλυ-
875 2054 969 2108 Indice
980 2054 1109 2119 diximus,
1123 2058 1208 2109 verbo
1219 2058 1302 2110 AEliru
1313 2054 1374 2109 Sata.

318 2135 364 2203 §tir
385 2137 487 2203 qnasi
508 2138 697 2207 ὶγχιιριζόμινον
716 2139 764 2189 ὑπὸ
789 2143 832 2189 τοῦ
876 2136 909 2187 Iu
935 2136 1013 2189 Colb.
1037 2134 1053 2187 3
1076 2136 1152 2188 aliter
1179 2136 1237 2191 hnc
1256 2136 1375 2207 leguntur,

318 2214 414 2281 Βόκχου
443 2216 485 2267 τὸν
507 2204 647 2285 Ῐουγούρθαν
672 2217 770 2287 ἱαυτῷ,
790 2216 832 2269 καὶ
876 2213 922 2267 ted
932 2212 1375 2287 mendosmcredourulgatusoilo,

318 2294 399 2361 raim
418 2294 543 2365 χρόμινος
572 2294 610 2347 ἀεὶ
634 2290 749 2347 herhas.
773 2296 833 2348 Hoc
875 2294 1034 2365 plerumque
1068 2293 1272 2347 incommodum
1302 2294 1375 2346 valete

317 2373 407 2441 ipsum
428 2372 524 2444 repetit
541 2374 652 2439 iterum,
671 2391 731 2444 pag.
756 2380 831 2437 Μ,
876 2373 993 2444 aliquid:
1007 2390 1062 2425 non
1075 2374 1147 2425 enim
1160 2376 1215 2427 hoc
1227 2376 1374 2427 iaisaeectu·

319 2452 388 2505 etin
405 2453 496 2524 Sylla,
508 2470 569 2525 pag.
585 2452 658 2517 452,
675 2464 703 2506 et
714 2454 785 2508 libro
799 2454 833 2508 da
875 2471 936 2506 rum
950 2470 1026 2518 aum,
1039 2452 1075 2510 si.
1089 2465 1140 2506 etc.
1157 2478 1169 2500 ι
1188 2452 1280 2508 husu.

318 2532 396 2602 Iiaip.
411 2532 533 2604 gerendas
550 2533 705 2604 preceptis,
721 2551 749 2604 p.
767 2537 832 2589 806.
920 2549 964 2585 su.
976 2533 1117 2585 Facturum.
1130 2533 1207 2588 Brut.
1219 2553 1252 2587 ex
1267 2536 1338 2604 Ilegg.
1349 2543 1371 2584 et

318 2611 442 2665 Valerius
458 2613 532 2665 Max.
543 2613 592 2665 lib.
606 2614 691 2676 VIII,
703 2631 762 2684 cap.
779 2621 832 2680 14,
875 2610 919 2664 ed.
933 2613 1018 2683 princ.
1033 2613 1212 2666 acturumfin.

317 2709 346 2762 p.
363 2694 438 2754 ⁴08:
459 2717 471 2740 ι
485 2693 517 2744 L.
531 2693 632 2763 Sylla..
644 2685 804 2763 ..Iugurtha
817 2711 832 2747 a
919 2707 963 2744 11.
986 2691 1093 2762 SpitInga
1111 2695 1228 2762 signarit.
1246 2690 1370 2761 Pompeius

318 2771 427 2824 Boccho
447 2790 509 2842 rege
524 2770 558 2824 ad
572 2773 689 2846 Marium
709 2771 832 2842 perducti
875 2769 1222 2825 ensiferoleone.hlex.sb
1233 2769 1369 2830 Alex.l.lI‚

318 2860 402 2903 totam
421 2851 473 2903 sibi
488 2849 595 2904 leudam
610 2864 664 2904 tam
680 2851 779 2922 cupide
790 2869 831 2904 ss·
875 2867 935 2920 cap.
957 2869 1001 2918 ¹9·
1024 2851 1126 2903 Daue.
1140 2883 1180 2893 -
1199 2851 1309 2922 Sphinge.
1328 2848 1369 2900 Ilia

317 2931 415 2995 seruit,
425 2943 456 2983 nt
465 2931 547 2983 anulo
556 2949 610 3002 quo
619 2932 764 3002 signatorio
775 2943 833 2984 ute·
876 2929 995 2994 Cassius,
1005 2929 1053 2982 lib.
1066 2931 1172 2994 XLIX,
1186 2951 1214 3003 p.
1230 2930 1369 3002 417.Trsn·

316 3009 564 3081 batur,insariptam
575 3011 648 3062 illurn
657 3009 830 3063 traditionem
875 3009 974 3080 quillus
986 3009 1015 3061 in
1029 3011 1166 3080 Augusto,
1187 3029 1248 3082 cap.
1260 3029 1277 3062 t.
1294 3027 1301 3062 τ
1318 3033 1328 3055 ι
1343 3007 1368 3058 In

317 3089 437 3142 haberet.
449 3115 461 3136 ι
472 3091 594 3143 Bocchus
603 3091 763 3161 Iugurtham
776 3090 833 3161 Syl·
874 3087 1079 3160 diplomatibus,
1087 3089 1249 3163 libellisque,
1258 3088 1368 3160 etepitlo·

318 3167 351 3220 lss
362 3167 478 3234 dedidit,
494 3187 578 3240 quum
591 3170 641 3223 isa
655 3171 742 3223 Mario
761 3169 832 3240 lega·
874 3168 907 3220 lis
925 3165 1078 3238 signandis,
1097 3169 1176 3220 initia
1197 3171 1305 3241 sphinge
1320 3181 1369 3218 mus

317 3259 486 3318 tumsgeret,
495 3267 566 3302 enno
574 3250 609 3301 U.
621 3250 652 3303 C.
663 3252 730 3309 668.
742 3249 833 3302 Exstat
875 3260 998 3300 esttmox
1008 3247 1123 3318 imagine
1132 3248 1226 3320 Magni
1234 3244 1368 3300 Alexandri:

318 3327 376 3398 ejus
401 3328 465 3380 facti
487 3329 617 3382 memoria
643 3329 672 3381 in
696 3329 830 3394 nummis,
874 3327 1017 3380 novissime
1042 3345 1109 3392 sua,
1126 3327 1288 3382 Dioscuridis
1302 3339 1367 3378 mssa

317 3405 390 3476 apud
400 3407 523 3459 Patinum
532 3446 540 3471 ,
550 3425 610 3480 pag.
625 3411 672 3462 88.
683 3407 774 3460 Hssn.
874 3405 976 3476 sculpta
988 3425 994 3458 ε
1006 3423 1060 3477 qua
1070 3406 1174 3478 signare
1183 3405 1368 3479 insequutiquo·

357 3505 384 3557 7.
404 3487 605 3540 Intercatiensem.
629 3489 671 3540 sb
690 3487 832 3540 Intemetie
875 3503 928 3556 que
942 3485 1080 3556 principes
1091 3497 1300 3556 perseverarunt.
1314 3510 1323 3530 ·
1335 3482 1366 3534 Si·

317 3565 452 3636 IIispania
460 3566 590 3620 citerioris
601 3565 720 3638 oppido,
731 3565 766 3619 de
777 3583 832 3638 quo
874 3565 929 3634 gilli
944 3565 1039 3636 hujus,
1053 3566 1109 3617 sire
1119 3567 1239 3636 sphingis
1252 3563 1363 3634 effigiem,

316 3644 363 3696 lib.
375 3646 434 3710 III,
447 3663 505 3716 cap.
522 3652 549 3709 4.
564 3648 656 3699 Hnan.
874 3643 946 3696 disee
967 3661 998 3696 ex
1015 3645 1119 3704 Plinio,
1136 3646 1185 3698 lib.
1195 3646 1275 3706 VIII,
1293 3659 1312 3694 e.
1328 3639 1362 3691 ³⁰·

359 3727 386 3778 8.
401 3725 484 3795 Scipio
496 3726 657 3779 AEruilianus.
671 3724 747 3778 ldam
761 3725 831 3778 Atri·
874 3723 909 3776 H.
920 3719 1079 3794 -Splainga
1090 3723 1235 3796 Sphingem
1248 3719 1359 3774 videraut

316 3805 699 3876 aanusposteriorappellatus,
707 3806 754 3877 qui
764 3806 829 3858 Car·
874 3803 903 3856 in
916 3803 1034 3854 nummis
1050 3803 1156 3856 familis·
1171 3803 1278 3857 Carisie.
1292 3801 1355 3851 fluor·

317 3883 453 3953 thaginem
474 3885 701 3955 Numantiamque
721 3884 827 3938 delerit.
873 3882 1132 3936 -Jamindisaretm
1146 3883 1245 3936 Broter.
1259 3873 1353 3932 extiti.

316 3963 442 4031 Epitome
453 3963 538 4027 Livii,
554 3964 601 4016 lib.
616 3965 754 4016 XLVIII:
769 3989 780 4011 ι
796 3965 829 4016 In
875 3965 903 4015 rb
915 3963 968 4032 jara
980 3961 1087 4016 delerit.
1102 3962 1153 4014 En.

315 4039 441 4111 Hispanis
466 4043 497 4094 P.
523 4043 664 4097 Cornelius
690 4043 829 4104 Mricanus
918 4059 961 4094 rs.
983 4040 1123 4094 Maecenatis
1145 4031 1352 4093 anatemati
