2950 5000
376 583 382 602 .
407 526 565 596 LIBER
588 525 771 596 XXXVI.
1069 524 1134 597 531

81 663 117 730 ln
130 659 236 731 Africa
247 674 439 730 nascentem
454 658 610 755 pusillum
624 684 664 728 ac
677 644 837 744 mollem⁶,
852 659 940 728 intra
955 685 989 728 se
1003 674 1037 730 et
1049 660 1142 732 velut

81 767 206 837 inalvo
233 767 413 836 habentem
436 764 586 861 argillam
618 789 774 851 suavem,
797 765 999 835 candidam:
1031 767 1140 861 ipsum

80 872 250 954 friabilem,
264 897 364 966 quem
380 871 513 940 feminei
532 896 629 942 sexus
643 885 772 966 putant.
788 873 917 941 Marem
937 886 1065 958 autem,
1083 873 1141 968 qui

80 979 232 1048 inarabia
248 979 407 1062 nascitur,
423 976 557 1062 durum,
572 975 665 1070 gallae
678 976 836 1064 similem,
852 991 911 1046 aut
926 975 1142 1064 subrutilum,

79 1084 109 1151 in
125 1083 197 1154 alvo
216 1083 396 1152 habentem
412 1082 534 1151 durum
552 1081 711 1178 lapidem.⁴
722 1083 854 1152 Tertius
868 1085 902 1151 in
921 1086 1034 1178 Cypro
1050 1085 1139 1152 inve·
1161 1120 1175 1155 ι

79 1192 171 1274 nitur,
200 1187 311 1258 colore
331 1188 394 1258 illis
417 1190 451 1256 in
473 1189 587 1258 Africa
609 1188 822 1258 nascentibus
850 1187 979 1275 similis,
998 1188 1142 1284 amplior

79 1307 179 1363 tamen
198 1310 298 1389 atque
316 1293 493 1363 dilatatus:
509 1295 738 1362 caeterisenim
754 1293 892 1388 globosa
910 1294 1017 1364 facies.
1036 1295 1145 1366 Habet

80 1400 109 1466 in
126 1399 198 1469 alvo
217 1424 355 1470 arenam
370 1399 556 1493 jucundam
580 1412 614 1467 et
632 1397 784 1494 lapillos:
803 1400 873 1494 ipse
894 1415 961 1468 tam
983 1398 1091 1470 mollis
1105 1415 1145 1472 ut

80 1507 168 1573 etiam
182 1507 293 1601 digitis
309 1506 435 1575 frictur.
451 1505 571 1593 Quarti
587 1507 716 1599 generis
726 1505 926 1599 Taphiusius
946 1505 1144 1601 appellatur,

79 1635 207 1681 nmcens
218 1613 314 1706 juxta
335 1609 541 1697 Leucadem,
559 1611 618 1678 ubi
637 1625 688 1679 est
707 1635 805 1679 mons
814 1611 963 1705 Taphius
972 1611 997 1699 ⁷,
1014 1614 1071 1706 qui
1091 1611 1144 1681 lo·

80 1731 163 1787 catus
185 1733 238 1787 est
253 1717 370 1786 dextra
387 1715 620 1811 navigantibus
635 1715 679 1784 ad
694 1715 893 1786 Leucadem.
915 1719 1092 1786 Invenitur
1108 1719 1144 1788 in
1163 1733 1178 1786 3

79 1822 260 1892 lluminibus
279 1822 440 1892 candidus
460 1837 496 1890 et
518 1821 694 1890 rotundus.
711 1824 799 1890 Huic
821 1835 871 1890 est
891 1824 925 1890 in
950 1819 1026 1891 alvo
1040 1821 1143 1918 lapis,

79 1930 126 2020 qui
141 1943 282 1999 vocatur
294 1914 474 2013 callimus⁸,
484 1951 546 1996 nec
560 1926 742 2021 quidquam
757 1926 933 1996 tenerius⁹.
945 1930 1061 1998 Aetitae
1073 1955 1144 1999 om·

80 2033 309 2128 nes¹’gravidis
327 2032 493 2127 adalligati
510 2030 723 2118 mulieribus,
734 2031 787 2102 vel
800 2031 1088 2128 quadrupedibus,
1105 2037 1140 2104 iu

80 2138 228 2230 pelliculis
255 2139 515 2209 sacrificatorum
537 2137 747 2219 animalium,
775 2137 979 2208 continent¹¹
1008 2154 1140 2234 partus,

80 2267 148 2332 nou,
162 2247 224 2316 nisi
238 2247 427 2342 parturiant
436 2243 472 2332 ¹²,
491 2244 701 2314 removendi:
717 2243 841 2339 alioqui
851 2244 959 2316 vulvae
970 2245 1137 2316 excidium

80 2502 157 2570 priora
166 2500 287 2556 Isidorus
297 2504 430 2575 agnoscis,
440 2502 517 2575 Oriq.
532 2502 580 2556 lib.
626 2500 769 2555 lectionem
780 2520 838 2555 eam
848 2500 925 2557 aride
940 2502 1084 2559 Salmasius
1100 2523 1142 2559 ar.

80 2581 218 2655 1Vl,oep.
235 2590 263 2647 4.
277 2582 369 2637 Hsan.
624 2581 705 2650 ripis,
719 2581 747 2633 in
760 2580 844 2635 Solia.
853 2600 915 2654 pag.
925 2580 994 2653 713.
1006 2582 1100 2637 Haan.

114 2665 137 2713 6.
151 2663 272 2715 Pusillam
285 2682 315 2714 ec
324 2662 426 2714 mollem.
439 2658 582 2731 Reperitur
666 2679 692 2729 9.
710 2661 763 2713 Nee
773 2660 902 2733 quidquem
914 2667 1025 2716 tenerius.
1038 2665 1069 2716 In
1082 2664 1139 2735 ipsa

79 2740 494 2813 propeVienuamiarivulo,qui
508 2759 582 2792 moa·
624 2736 715 2791 ludius
747 2741 833 2794 aetite.
868 2740 970 2813 lapides
1002 2743 1152 2801 tenerrimi,

80 2830 125 2870 tem
136 2820 286 2873 Salomonis
295 2820 457 2891 praeterfluit.
467 2820 567 2873 Danae.
625 2829 722 2872 suntet
733 2819 809 2873 citrei
824 2820 922 2874 coloris
934 2843 940 2873 ι
954 2839 1015 2873 sere
1024 2820 1141 2891 perculsi

113 2917 137 2968 7.
146 2900 314 2952 Ubiusmonr
328 2900 444 2969 Taphias.
454 2898 581 2969 Taphias·
625 2894 784 2963 durescunt,
807 2898 915 2970 pariunt
931 2912 958 2953 et
972 2900 1138 2971 nigrescunt.

79 2996 116 3029 sus
130 2980 219 3044 collis,
233 2976 270 3031 de
281 2998 336 3049 quo
346 2978 460 3031 diximus
471 2980 498 3030 in
509 2977 581 3030 Geo·
624 2976 772 3042 Nondum,
787 2990 816 3030 ut
833 2976 948 3043 videtur,
969 2978 1140 3032 innotuerant

78 3056 214 3129 graphicis,
230 3057 282 3111 lib.
304 3060 354 3122 lv,
372 3077 430 3129 cap.
453 3058 479 3112 3.
499 3057 581 3109 llunc
624 3056 710 3108 aetite
722 3055 841 3128 lapides,
852 3058 1138 3129 quosdigyptusl'erte

78 3135 156 3189 locum
171 3156 203 3190 ex
219 3136 276 3190 fide
295 3136 395 3190 codicis
415 3136 524 3189 colus
541 3154 584 3188 re·
626 3134 655 3186 ui
670 3134 738 3188 forte
745 3136 797 3188 sint
807 3149 908 3207 quoset
917 3134 951 3189 de
964 3136 1052 3189 Africa
1064 3154 1139 3190 cum·

78 3230 258 3282 mutamus
267 3238 274 3267 ε
283 3234 368 3286 quum
382 3215 445 3269 libri
457 3216 584 3267 hactenus
627 3214 785 3267 memoravit
799 3214 906 3268 Plinius.
919 3214 1004 3268 Baua.

79 3292 136 3348 editi
149 3298 247 3349 insulse
265 3296 337 3349 bunc
351 3295 441 3347 locam
459 3296 494 3347 ita
513 3293 584 3346 rele·
671 3296 911 3347 romuleorum.
924 3295 1029 3359 Aetius,
1042 3294 1090 3349 lib.
1102 3294 1138 3359 ll,

78 3388 129 3427 rant
139 3397 145 3425 ι
157 3400 169 3423 ι
175 3372 420 3445 juxtsLeucadem,
428 3375 457 3427 in
466 3372 584 3444 Taphiu·
627 3389 685 3441 cap.
693 3372 743 3431 32.
752 3392 811 3444 pag.
822 3375 857 3438 54
867 3386 943 3445 ‚post
952 3374 1042 3427 Diose.
1052 3374 1139 3439 lib.V,

79 3470 114 3517 sa,
129 3456 174 3525 qui
186 3456 264 3507 locus
275 3466 314 3507 est
329 3452 421 3506 dextra
433 3452 582 3523 nevigauti·
626 3469 685 3523 cap.
696 3458 758 3507 161.
773 3454 864 3507 Hsau.

78 3530 227 3588 basexbac
240 3530 277 3586 ad
287 3532 445 3585 Leucadem.
461 3556 472 3578 ι
492 3533 526 3585 Η.
669 3548 712 3583 11.
732 3531 862 3585 Continent
872 3544 967 3603 persus.
989 3531 1075 3586 Solini
1090 3552 1138 3605 pa·

113 3612 138 3665 8.
158 3615 212 3682 Qui
232 3624 337 3665 coeam·
355 3612 472 3664 callimus.
493 3610 580 3680 Lege:
625 3610 962 3682 rapbrasis,cap.xxxv11‚
987 3630 1048 3684 pag.
1073 3616 1109 3683 67
1130 3630 1137 3665 t

80 3715 91 3735 ·
102 3691 217 3745 lluicest
232 3693 261 3744 in
275 3692 337 3745 alvo
349 3692 430 3762 lepis,
448 3692 495 3763 qui
507 3708 584 3742 roes·
631 3690 738 3758 -Spem
756 3691 825 3743 uteri
845 3690 966 3744 defendit
987 3710 1002 3743 a
1022 3690 1138 3745 fluxibus

79 3778 118 3822 tur
137 3770 279 3834 Celsinus,
303 3797 314 3819 ι
339 3790 355 3823 a
378 3770 466 3823 colore
483 3769 584 3823 scilicet
627 3768 764 3823 abortivis.
779 3794 791 3817 ι
808 3768 978 3840 ll.—Nugse
990 3772 1138 3825 merallu.

79 3848 359 3904 emansorem-
372 3850 497 3903 Collinas.
513 3848 584 3901 Καὶ·
671 3848 789 3913 raddon,
797 3852 846 3901 nisi
851 3851 999 3919 parturient.
1014 3850 1076 3902 Non
1088 3850 1140 3904 uisi

79 3928 583 3999 ἱεμος,ριιὶι1κηὶιιω,ιιιοωὶιιεκῶλος.
627 3944 710 3999 quum
721 3928 873 3999 parturiunt
882 3926 1039 3982 removendi
1057 3950 1064 3982 r
1082 3942 1140 3983 tum

80 4004 116 4059 lta
124 4008 231 4080 Repe,
244 4006 584 4081 probatioresquecodices.
627 4024 692 4061 vero
716 4006 830 4060 maxime
851 4006 1010 4071 auferendi,
1040 4009 1142 4081 alioqui

81 4084 173 4140 'lamen
184 4090 213 4141 iu
229 4088 309 4142 Colb.
325 4088 359 4153 3,
379 4089 488 4139 minim
498 4106 508 4139 .·
520 4084 582 4144 sed.
627 4087 708 4138 vulva
720 4087 913 4158 corrumpitur,
924 4098 1027 4141 retento
1040 4084 1142 4145 diutius

81 4176 107 4215 ut
124 4184 229 4233 remur,
253 4164 409 4221 mendose:
431 4183 584 4239 quanquam
628 4176 717 4237 partu.
732 4167 825 4220 Hanc.

908 4260 972 4348 Μ’
