2950 5000
327 485 330 491 -
437 437 592 506 LIBER
618 439 797 506 XXXVI.
1083 440 1145 512 521

99 569 212 664 aliquos
232 567 356 663 lapides
373 571 429 662 qui
512 571 596 656 ant,
611 571 763 640 credunt.
771 570 1023 665 Theophrastus
1036 590 1153 646 auctor

99 675 160 744 est²
175 690 207 744 et
222 675 306 744 ebur
325 674 437 746 fossile
473 676 616 746 candido
634 692 668 746 et
685 678 782 770 nigro
803 675 916 746 colore
938 679 1095 765 inveniri,
1117 695 1150 751 et

98 806 198 850 ossae
217 795 305 850 terra
325 783 417 850 nasci
428 767 452 866 ⁴,
477 783 683 877 invenirique
701 781 826 877 lapides
844 808 965 854 osseos.
988 775 1150 855 Palnsati⁵

98 889 172 956 circa
185 880 345 956 Mundam
358 888 392 956 in
402 889 581 981 Hispania,
591 888 648 958 ubi
658 891 770 958 Caesar
785 888 927 959 dictator
943 879 1151 985 Pompeium⁶

97 994 181 1078 vicit,
202 995 426 1088 reperiuntur,
447 993 547 1087 idque
567 995 697 1088 quoties
714 994 861 1090 fregeris.
883 997 969 1064 Sunt
989 1011 1024 1064 et
1045 999 1150 1092 nigri,

95 1123 223 1192 quorum
244 1100 424 1168 auctoritas
446 1100 539 1168 venit
560 1098 595 1170 in
616 1124 783 1170 marmora
795 1100 818 1187 ⁷,
848 1087 953 1172 sicut⁸
973 1104 1152 1174 Taenarius.

97 1207 192 1274 Varro
212 1207 327 1300 nigros
351 1229 393 1273 ex
421 1204 535 1276 Africa
554 1205 723 1278 firmiores·
749 1229 819 1276 esse
847 1207 964 1292 tradit,
989 1232 1090 1301 quam
1118 1211 1152 1278 in

33 1316 35 1325 ’
97 1309 186 1379 ltalia.
202 1311 375 1380 Ediverso
389 1309 482 1380 albos
498 1313 603 1381 tornis
618 1311 788 1398 duriores,
803 1336 903 1405 quarn
917 1315 1039 1383 Parios.
1057 1314 1151 1385 Idem

96 1417 268 1486 lunensem
290 1415 415 1486 silicem
435 1441 526 1486 serra
551 1420 654 1486 secari
673 1444 680 1486 :
703 1433 738 1486 at
761 1417 986 1488 Tusculanum
1011 1418 1153 1490 dissilire

96 1521 179 1614 igni⁹.
206 1523 366 1591 Sabinum
391 1521 521 1591 fuscum
549 1523 662 1593 addito
688 1523 764 1594 oleo
787 1525 886 1593 etiam
916 1523 1038 1594 lucere.
1065 1529 1150 1596 Item

94 1626 185 1697 molas
210 1626 413 1698 versatiles¹⁰
438 1628 595 1698 Volsiniis
622 1632 788 1717 inventas,
817 1628 943 1724 aliquas
969 1644 1002 1699 et
1033 1647 1152 1727 sponte

94 1747 187 1803 motas
203 1735 390 1803 invenimus
406 1735 441 1801 in
458 1729 629 1828 prodigiis.

92 1947 182 1989 tuentes
206 1954 385 2006 congenerem
411 1935 460 1988 sibi
486 1935 590 2007 prolem
635 1936 705 1990 fossa
726 1936 834 1990 Parisiis
857 1937 887 1989 in
917 1937 1067 1990 caemeterio
1092 1937 1151 1991 ΠΙ).

91 2015 147 2067 eniti
166 2016 224 2069 illos
247 2027 368 2086 putent:
391 2033 452 2068 aere
475 2015 592 2068 fortassis
635 2015 836 2070 Innocentium.
849 2017 890 2066 De
903 2016 1006 2069 ossibus
1020 2017 1152 2071 fossilibus

92 2093 255 2158 circumfuso,
272 2095 301 2147 vi
322 2091 435 2166 quadam
456 2092 591 2147 adamanti
635 2092 698 2148 vide
722 2093 763 2146 Cl.
785 2094 983 2156 Leibnitaium,
1006 2095 1035 2148 in
1058 2097 1152 2150 Proto·

91 2172 262 2244 dingenita,
291 2174 320 2225 in
348 2191 445 2245 squam
471 2173 591 2243 primum
636 2191 782 2246 gaa,pag.
796 2177 830 2226 iia
844 2193 902 2246 sqq.
916 2175 1000 2228 Bsoc.
1015 2205 1055 2218 -
1071 2177 1150 2230 Conf.

92 2264 267 2318 transmutato,
280 2250 590 2306 moxiudnratoinada·
634 2254 698 2306 item
722 2251 757 2306 de
783 2253 885 2306 ossibus
912 2255 945 2306 iis
966 2256 1000 2306 D.
1022 2256 1151 2322 Curras,
1197 2277 1199 2280 ·

91 2345 202 2386 mntem.
215 2333 251 2386 Η.
259 2331 414 2402 -Lapides
426 2334 468 2403 qui
480 2336 589 2399 parient.
634 2332 713 2398 alu,
724 2352 752 2404 p.
761 2331 815 2386 581
826 2350 882 2403 sqq.
889 2331 953 2386 edit.
964 2335 1084 2402 hujusce.
1095 2335 1149 2388 Eu.

90 2410 261 2481 Lapidesilli‚
276 2413 325 2482 qui
341 2429 436 2481 parere
452 2409 590 2473 dicuntur,
676 2412 702 2465 5.
727 2413 844 2465 Palmati.
875 2409 934 2476 Qui
953 2414 1049 2482 palmae
1077 2413 1150 2466 iratus

90 2505 144 2545 tant
153 2491 250 2557 acutae,
262 2493 298 2544 les
305 2495 397 2562 pa‘erres
410 2489 511 2559 sl'aigle.
524 2491 590 2545 Fre·
633 2490 710 2545 fracti
723 2491 839 2565 effigiem
852 2493 978 2546 referant.
992 2493 1084 2547 Haeo.

89 2584 187 2639 quantes
204 2572 311 2625 suntin
328 2574 461 2642 Egypto,
475 2572 590 2624 maxime
675 2576 702 2626 6.
720 2572 869 2641 Pompeium.
891 2572 1007 2625 Cneinm
1026 2573 1149 2643 Pompeii

90 2648 113 2700 in
137 2651 331 2704 Blae-belam.
359 2650 460 2703 Multos
489 2647 545 2703 vidi
573 2670 589 2704 a
632 2648 724 2722 Magni
738 2650 891 2705 filiummf.
906 2652 1035 2723 lll‚cap.
1051 2651 1077 2703 3.
1093 2652 1127 2705 H.

89 2728 117 2779 Ρ.
127 2730 224 2783 Sicano
235 2729 337 2782 missos.
351 2728 489 2783 lta-ct.
500 2726 535 2783 de
546 2748 590 2783 ae·
672 2749 701 2799 7.
726 2731 801 2783 Venit
827 2734 853 2782 irs
881 2748 1008 2784 marmore.
1033 2732 1149 2785 Tantam
1200 2729 1205 2749 '

88 2807 136 2863 titia
148 2809 280 2880 lapidibus
295 2808 345 2862 inf.
357 2827 417 2879 cap.
434 2808 481 2877 39.
494 2808 547 2861 En.
631 2808 733 2862 hahent
756 2811 784 2863 in
804 2806 923 2863 edificiis
946 2812 1152 2875 auctoritatem,

124 2908 147 2940 a.
164 2890 341 2959 Theopluastus
358 2898 500 2941 auctorest.
515 2887 588 2943 Vide
632 2900 757 2960 quantam
773 2890 829 2961 ipsa
842 2906 985 2943 marmora.
995 2891 1087 2943 Hirro.

87 2966 214 3039 Theophr.
225 2968 274 3020 lib.
285 2967 342 3038 oapi
349 2968 436 3030 utet,
449 2985 477 3037 p.
486 2968 513 3019 8.
521 2968 555 3020 Η.
673 2972 701 3023 8.
717 2968 788 3021 Sicut
803 2970 940 3021 Taenarius.
958 2969 999 3019 De
1018 2968 1148 3022 Tarnariis

121 3046 143 3099 3.
160 3047 232 3100 Blae
245 3048 343 3114 fossile.
364 3048 488 3099 Rhenum
508 3045 585 3099 fossi·
630 3046 780 3120 lapicidinis
789 3048 823 3100 cf.
835 3048 1045 3117 Strab.Vlll,p.
1058 3047 1126 3118 367.

86 3122 147 3183 tem.
162 3128 207 3198 qui
227 3128 290 3197 igne
305 3145 364 3179 non
377 3123 544 3189 accenditur,
558 3126 588 3178 in
672 3146 701 3196 9.
722 3128 762 3179 At
784 3126 947 3179 Tusculanum
966 3126 1069 3179 dissilire
1084 3130 1145 3197 igni.

87 3205 189 3259 uacuis
205 3204 331 3258 aluminis
353 3204 387 3257 ad
400 3204 533 3256 Hildeseirrr
544 3224 587 3258 re·
632 3205 677 3259 Sic
697 3207 727 3259 in
742 3206 803 3276 igne
825 3205 954 3276 crepitat,
976 3223 1056 3276 quem
1076 3206 1146 3261 Galli

86 3284 159 3350 periri
177 3284 259 3338 tradit
276 3285 408 3355 Agricola.
424 3283 483 3335 lloc
497 3284 588 3337 Theo·
631 3285 727 3338 ardoise
749 3286 896 3357 appellant,
920 3297 1068 3356 parantqne
1091 3286 1147 3339 fere

85 3362 587 3434 phustnslilsellompieisslilusquem
630 3362 666 3416 ad
687 3363 837 3436 tegularum
858 3382 945 3418 usum.
963 3364 1098 3435 Frequens
1118 3366 1147 3418 in

85 3458 130 3495 uos
143 3442 350 3497 emendavimus.
372 3444 441 3496 Du..
456 3474 496 3484 —
511 3442 587 3495 Ebur
630 3442 793 3496 Aremoricis
802 3442 969 3517 Batonibus,
987 3443 1148 3515 ludegaris·

85 3520 176 3587 fossile,
194 3524 289 3575 l'isoire
302 3522 404 3587 fossile,
425 3523 501 3593 cnjus
514 3534 586 3574 tanta
631 3540 696 3593 que.
710 3522 804 3577 Hann.

84 3600 153 3671 eopia
178 3603 208 3655 in
235 3602 327 3655 multis
353 3601 459 3673 imperii
485 3599 587 3654 Rossici
674 3618 716 3655 to.
728 3604 790 3655 Item
800 3602 1016 3655 molasuersatiles.
1024 3602 1145 3667 Quarum

84 3682 218 3746 provinciis
230 3681 385 3753 reperitur:
401 3676 586 3733 utvidereeat
630 3681 797 3734 circumactu
824 3681 925 3745 cultri,
951 3699 981 3734 ac
1008 3682 1145 3735 novaculae

84 3757 109 3808 in
119 3759 309 3814 commentariis
321 3758 488 3813 Academica
497 3759 587 3812 Petro·
633 3773 774 3814 acuuntur.
791 3758 827 3813 Η.
837 3788 878 3800 —-
891 3760 1008 3813 Volsiniis
1028 3764 1145 3815 iuventas.

84 3837 305 3905 pedaneum.
630 3840 838 3909 Totaillaregio
850 3839 1146 3911 antiquitusvolcanicis

122 3923 146 3979 i.
159 3920 222 3972 Ossa
231 3942 245 3971 e
256 3931 323 3971 terra
332 3922 408 3970 nasei.
419 3918 481 3971 Non
491 3935 506 3968 e
515 3930 585 3971 terra
629 3919 736 3989 ignibus
747 3920 850 3971 exarsit.
862 3916 930 3971 Inde
941 3918 1018 3970 molae
1026 3920 1079 3972 illas
1088 3939 1147 3973 ser·

83 4011 229 4064 amantur,
247 3996 296 4053 sed
316 4010 380 4051 sunt
395 4015 453 4051 ossa
470 3997 585 4061 fossilis,
628 3998 730 4063 satilea,
752 4016 812 4069 quae
825 3998 905 4068 vulgo
917 4002 1007 4067 pierres
1025 3999 1146 4051 maliem

83 4090 139 4143 qua
152 4079 247 4147 passim
263 4078 447 4132 inveniuntur.
460 4074 525 4129 Vidi
545 4078 585 4129 ef·
630 4068 1145 4149 (quana-qmmolairs)dicuntur.En.
