2950 5000
411 468 573 536 LIBER
597 466 783 536 xxxiv.
828 455 832 462 ¹
1064 469 1133 554 243

81 601 254 698 opertisque
267 597 429 695 sulphure
447 613 483 670 et
494 599 586 672 ferro
599 599 720 669 mixtis.
740 599 856 688 Quum
872 601 1040 695 coquitur,
1057 627 1135 672 snu-

80 709 186 778 niendn
203 709 237 778 in
258 731 302 780 eo
324 730 427 800 opere
454 705 618 776 foramina
639 705 791 799 spiritus⁷
809 709 991 778 convenit:
1014 707 1137 804 alioqui

80 814 193 908 plumbi
210 813 399 884 fornacium
413 810 535 882 halitus
546 813 667 883 noxius
683 813 835 898 sentitur,
855 824 889 881 et
909 812 1083 909 pestilens,
1102 829 1138 886 et

79 920 200 988 mnibus
225 919 406 1013 ocyssime3
425 919 576 988 omnium
602 941 684 988 vero
708 916 938 1003 metallorum,
952 922 1082 1004 ,muscis
1102 935 1137 992 et

78 1024 253 1096 culicibus:
280 1024 498 1118 quamobrem
524 1048 594 1093 non
615 1037 695 1094 sunt
714 1047 755 1092 es
777 1024 874 1094 taedin
902 1011 957 1094 in⁸
984 1025 1135 1098 metallis.

77 1129 230 1219 stidam⁹
249 1132 287 1199 in
301 1129 478 1224 coquendo
495 1129 630 1200 scobem
648 1127 778 1225 plumbi
790 1129 869 1199 lima
885 1133 1054 1224 quesitum
1069 1132 1135 1203 sul·

76 1237 163 1329 plruri
179 1237 343 1330 miscent:
362 1235 419 1304 alii
438 1260 607 1306 cerussam
631 1237 766 1330 potius,
789 1259 889 1331 quam
912 1236 1062 1332 sulphur.
1084 1241 1138 1310 Fit

76 1357 106 1412 et
117 1341 252 1412 lotura'⁰
266 1340 402 1437 plurimi
419 1365 500 1414 usus
516 1345 551 1413 in
563 1341 859 1438 medicina,quum
874 1367 909 1414 se
927 1345 1001 1438 ipso
1019 1346 1138 1416 teritur

76 1449 273 1518 inmortariis
281 1447 447 1543 plumbeis
459 1447 573 1520 addita
581 1472 668 1543 aqua
676 1445 811 1536 celesti,
824 1439 933 1518 donec
946 1466 1136 1522 crassescat.
1285 1533 1292 1545 .

75 1554 178 1626 Postea
191 1568 415 1649 supernatans
430 1553 547 1650 aqus¹¹
564 1552 693 1624 tollitur
709 1556 857 1649 spongiis
872 1581 880 1624 :
894 1555 985 1650 quod
1002 1559 1137 1630 crassis·
1155 1588 1172 1642 ι

74 1661 179 1730 simum
192 1660 273 1746 fuit,
285 1661 447 1732 siccatum
459 1660 620 1732 dividitur
631 1661 667 1729 in
677 1659 836 1754 pastillos.
846 1659 1022 1752 Quidam¹²
1038 1661 1137 1732 lima·

75 1781 134 1836 tum
154 1767 332 1862 plumbum
366 1769 415 1838 sic
441 1781 578 1838 terunt:
601 1765 738 1862 quidam
765 1767 864 1836 etiam
888 1766 1137 1864 plumbaginem

74 1872 266 1944 admiscent:
280 1871 338 1940 alii
357 1897 441 1944 vero
456 1888 608 1957 acetum,
620 1871 676 1942 alii
695 1874 830 1959 vinum,
844 1871 898 1942 alii
912 1873 1064 1968 adipem,
1082 1875 1137 1947 alii

74 2003 181 2048 rosam.
196 1977 348 2068 Quidam
362 1981 571 2052 inmortario
582 1977 732 2074 lapideo,
747 1993 781 2048 et
796 1981 939 2050 maximo
949 1980 1136 2066 Thebaico,

74 2082 218 2178 plumbeo
232 2082 360 2179 pistillo
369 2071 393 2110 ¹³
414 2099 522 2155 terere
539 2084 689 2154 malunt:
704 2083 942 2180 candidiusque
956 2085 994 2156 fit
1010 2089 1057 2156 ita
1072 2113 1137 2160 me

72 2189 296 2261 diosmentum.
310 2190 352 2260 ld
366 2204 481 2260 autern
494 2190 586 2286 quod
600 2204 713 2260 ustum
729 2204 781 2259 est
795 2189 982 2286 plumbum,
994 2192 1137 2281 lavatur,

72 2311 101 2366 et
115 2299 227 2367 teritur
234 2284 273 2380 ¹⁴,
292 2309 331 2366 ut
347 2296 486 2367 cadmia.
505 2299 619 2367 Potest
630 2295 838 2391 adstringere
847 2283 883 2381 ¹⁵,
901 2301 1035 2388 sistere,
1050 2325 1135 2370 con-

105 2484 130 2538 7.
140 2467 271 2520 rma·
286 2467 395 2534 spirituas.
410 2465 496 2521 Nares
505 2466 577 2520 Dio·
620 2476 652 2519 nt
663 2462 726 2519 stibi
747 2475 774 2518 ct
793 2462 914 2519 csdmia:
930 2491 942 2514 ι
959 2466 1031 2524 hund
1048 2469 1135 2541 poeni·
1158 2522 1164 2529 ,

72 2564 130 2601 soor.
146 2546 285 2607 Σκιπᾶσας
302 2546 360 2605 sabe
377 2546 500 2617 pedasus·
512 2548 576 2611 βλα·
620 2543 701 2599 tenda
711 2562 774 2598 sane
784 2544 913 2599 lectione:
927 2564 989 2600 nam
998 2546 1034 2601 de
1046 2550 1135 2605 lornrs

73 2623 201 2698 &ulyssi
212 2624 340 2695 ἀποφοραὶ.
352 2626 445 2679 llsno.
619 2624 735 2689 stibeos,
751 2623 854 2678 dictum
871 2636 912 2678 est
929 2626 1067 2693 xxxin,
1086 2628 1133 2693 34.

106 2708 130 2760 8.
147 2708 178 2759 Ia
194 2705 314 2758 antu.
324 2704 358 2756 ln
369 2704 469 2758 fodinis
482 2705 576 2759 metal-
618 2705 721 2757 Verum
732 2704 761 2757 iu
774 2704 851 2758 MSS.
861 2706 925 2775 llep.
939 2724 953 2758 s
967 2708 1132 2780 ceterisque,

70 2783 120 2839 Etis
129 2805 182 2840 non
194 2796 262 2839 sont
276 2801 309 2838 es
322 2784 455 2837 snimslis.
469 2786 504 2838 fl.
620 2784 749 2837 uisuntur
763 2796 790 2836 et
803 2784 880 2837 istius
893 2798 921 2838 et
933 2784 1051 2841 csdrniss.
1068 2789 1133 2843 Pot-

105 2863 436 2939 9.Qadasr.1)ioscorid.
455 2865 508 2917 loo.
530 2864 576 2917 cit.
619 2876 657 2919 est
670 2862 849 2935 sdsningers,
860 2876 928 2918 ero.»
940 2866 1022 2920 Unde
1032 2866 1132 2921 Pintis·

71 2932 197 3015 baasam
202 2939 326 3016 potetas
337 2943 494 3008 βαλὸνιατὰ
503 2944 577 3010 trion,
618 2943 851 3015 nnsoonjiciebnr,
863 2944 994 2999 alsvstnr.
1003 2946 1039 2999 Et
1048 2947 1132 3014 istius,

71 3026 187 3080 mlius
197 3021 304 3079 deinde
317 3023 576 3095 plumbsginemsp-
619 3036 650 3076 nt
670 3021 794 3085 cadmiae,
820 3034 936 3093 potestus
961 3026 1100 3096 stringere.
1115 3052 1127 3074 ι

70 3104 148 3173 pellat,
156 3102 263 3177 agenti
272 3118 370 3155 venssn
380 3104 494 3175 plumbo
505 3104 576 3157 mix·
620 3100 690 3166 Sed,
713 3116 744 3156 ut
759 3114 854 3156 enters
869 3104 973 3170 sileam,
987 3122 1037 3158 neo
1049 3108 1131 3171 istius,

71 3194 123 3237 tun
133 3184 224 3239 Uno.
619 3200 670 3237 nec
680 3186 813 3253 stringere,
830 3182 910 3235 Plinii
925 3184 1073 3238 orationem
1090 3204 1130 3239 ss·

105 3282 144 3317 so.
157 3262 338 3319 maestam.
350 3260 576 3329 Plumbiscilioet,
618 3262 667 3334 pit.
687 3262 786 3316 stsri
804 3274 910 3327 sutem,
933 3274 963 3317 ut
982 3263 1130 3332 cadmiam,

69 3342 134 3411 qlod
144 3345 251 3399 lsvstnr
264 3356 298 3392 et
310 3356 371 3411 quo
382 3343 524 3414 subjicitur
536 3360 578 3397 rs·
618 3342 795 3415 pretermisso
815 3341 893 3407 stibi,
906 3340 962 3395 dici
978 3361 1050 3397 nunc
1070 3346 1131 3399 satis

70 3422 145 3485 tine,
156 3442 240 3498 qnam
249 3430 281 3471 et
291 3420 381 3474 Diosc.
394 3422 507 3477 totidem
519 3441 577 3477 ver·
618 3421 756 3485 duximus,
775 3440 790 3474 n
811 3419 968 3475 Dioscorida
983 3423 1129 3490 admoniti,

70 3500 245 3575 b'nprodidit,
261 3497 304 3561 V,
317 3500 365 3569 95.
380 3502 474 3556 lissa.
619 3503 709 3574 quiV,
728 3504 787 3571 96:
805 3502 848 3554 Διῖ
862 3496 906 3564 dl,
919 3502 1128 3572 inquitatibus

104 3598 145 3635 ss.
160 3584 254 3636 Postea
261 3592 422 3649 sspsmtaas
434 3600 514 3656 aqua,
524 3594 575 3636 ete.
619 3584 693 3635 absis
703 3584 735 3642 isc
755 3580 799 3637 nlo
812 3576 936 3652 indusias
954 3585 996 3636 isal
1014 3584 1130 3637 dnosids·

69 3658 146 3717 M.
157 3664 209 3718 loe.
224 3664 274 3719 cit.
288 3656 380 3715 ΗΔΙΙ).
619 3667 684 3716 σθαι.
699 3661 789 3726 Quare
799 3678 850 3730 pro
861 3672 885 3712 et
897 3664 966 3713 istius
976 3674 1000 3714 et
1010 3664 1129 3730 edatius,

106 3760 145 3794 ss.
156 3744 278 3813 Quidam,
292 3740 381 3794 Diosc.
394 3742 446 3795 loc.
459 3741 505 3796 cit.
519 3742 556 3794 li.
617 3760 668 3795 nos
679 3753 704 3794 es
719 3744 805 3793 oritur
814 3753 841 3793 ut
850 3741 947 3793 cadmia
961 3743 1130 3813 scripsimus,

104 3820 146 3876 sd.
159 3822 283 3876 Plassdao
291 3822 396 3891 pistillo.
414 3822 575 3876 Plumbenm
619 3820 695 3894 qnod
705 3821 765 3875 lieri
774 3818 882 3891 quidum
894 3820 995 3876 Plinius
1007 3840 1055 3877 sno
1068 3824 1129 3877 loco

69 3898 140 3954 nodo
153 3902 246 3957 Diose.
266 3904 319 3956 tac.
340 3901 384 3954 cit.
404 3900 488 3955 snodo
507 3900 575 3973 lupi·
618 3899 757 3973 prodidit,
768 3900 821 3953 hoc
831 3912 951 3973 est,cep.
967 3920 1011 3956 ss.
1026 3902 1060 3955 ll.

69 3972 140 4034 dnn
152 3981 288 4037 adsciscit.
300 3980 391 4033 flauo.
620 3992 633 4015 ²
662 3981 708 4035 15.
724 3982 811 4032 Potest
824 3980 980 4050 adstringere.
1001 3982 1063 4036 lituo
1078 3992 1130 4036 tot·

105 4060 281 4128 salamas,
290 4072 316 4113 st
325 4056 419 4119 eeiitsr,
431 4072 459 4112 us
470 4058 574 4113 cadmia
618 4060 691 4115 idem
705 4061 763 4114 iere
781 4060 871 4113 verbis
885 4061 1007 4114 Diosoor.
1024 4061 1075 4116 loc.
1086 4064 1131 4116 cit.

71 4133 99 4185 l!
111 4136 323 4197 librislncm
332 4138 420 4205 editis,
438 4166 450 4188 ι
462 4139 575 4205 lmtur,
619 4134 764 4196 assaverit
772 4127 1134 4213 lbzsts‚snipsts,srspspsslstir·

867 4237 870 4243 '
927 4228 987 4299 16²
