2950 5000
443 461 595 528 etrum
620 458 809 528 xxxru.
1114 457 1161 554 67

120 593 232 660 Vocant
243 605 413 685 argentum
424 588 459 674 ¹⁹,
475 591 564 684 quod
580 593 648 662 exit
669 615 688 660 u
709 591 864 660 fornace:
881 587 1091 684 sudorisque,
1106 595 1162 687 qui

118 699 263 766 ecamiuo
280 699 441 790 jactatur,
461 700 632 792 spurcitia,
655 699 691 767 iu
710 698 802 766 omni
820 695 955 765 metallo
972 699 1080 766 scoria
1097 722 1161 793 ap-

34 879 35 882 *
117 801 248 893 pellatur.
266 801 380 874 Haec²⁰
394 805 429 872 in
444 827 526 872 euro
539 804 700 888 tunditur,
720 805 907 896 iterumque
921 804 1085 896 coquitur.
1100 809 1163 874 Ca-

117 907 165 975 tini
176 907 255 978 liunt
265 935 306 978 ex
317 911 508 979 tasconio²¹.
523 913 597 979 Hoc
609 926 658 979 est
670 925 759 980 terra
772 909 847 977 alba
862 908 975 979 similis
984 909 1009 936 ²¹
1027 910 1161 1004 argillae.

119 1015 220 1106 Neque
239 1018 325 1084 enim
344 1015 408 1086 alia
428 1015 597 1104 afflatum,
618 1017 795 1110 ignemque
812 1029 845 1084 et
865 1014 1036 1084 ardentem
1057 1032 1162 1087 mate·

114 1118 183 1186 riam
221 1119 346 1191 tolerat.
388 1123 499 1192 Tertia
543 1123 627 1192 ratio
675 1145 778 1216 opera
816 1123 933 1191 vicerit
968 1123 1197 1215 Gigantume

114 1225 264 1296 Cuniculis
297 1253 357 1322 per
387 1251 508 1321 magna
532 1231 638 1322 spatia
666 1229 747 1298 actis
775 1240 937 1298 cavantur
964 1241 1094 1296 montes
1119 1229 1162 1298 ud
1183 1225 1209 1294 ’,

113 1326 304 1422 lucernarum
326 1333 461 1402 lumina.
493 1323 651 1404 Eadem¹³
676 1357 830 1402 mensura
865 1331 1051 1427 vigiliarum
1083 1349 1161 1405 est:

113 1434 269 1532 multisque
288 1439 455 1508 mensibus
470 1465 538 1509 non
555 1441 702 1510 cernitur
724 1439 804 1509 dies.
828 1440 988 1534 Arrugias
1003 1440 1038 1510 id
1059 1463 1165 1536 genus

113 1538 270 1614 rocrut²⁴2
298 1533 475 1640 siduntque
493 1547 584 1618 rimae
612 1545 739 1644 sulrito,
762 1559 797 1614 et
822 1546 1019 1640 opprimunt
1042 1571 1165 1642 operu-

110 1717 200 1776 teutie.
223 1745 234 1766 ι
249 1739 279 1774 ec
298 1719 361 1790 pilie
381 1717 525 1782 cudunt,·
547 1733 610 1774 nuta
650 1737 718 1770 nur:
729 1715 1068 1781 hoceutem‚dumeurum
1078 1737 1165 1791 pruna

109 1795 332 1868 eundemqueeere.
342 1798 486 1870 Sequitur:
497 1824 509 1845 ι
519 1817 610 1870 argeu-
650 1797 840 1852 uiolentiuimr
857 1797 995 1868 liquescit,
1014 1810 1089 1852 extra
1110 1799 1165 1853 for-

111 1884 171 1938 tun,
181 1877 253 1947 quod
268 1880 323 1932 exit
338 1898 353 1931 e
370 1878 483 1931 lornreie
500 1877 607 1932 rudore.
650 1879 722 1932 nucis
734 1876 856 1932 ordoree
869 1877 957 1930 catino
968 1876 1081 1947 ejicitur.
1094 1878 1162 1932 Dru.

109 1951 167 2016 Qua
178 1974 194 2008 ι
206 1959 293 2011 catino
302 1961 417 2030 jactatur
426 1958 568 2028 spurcitie,
580 1958 608 2011 in
691 1977 740 2011 rr.
753 1958 826 2010 Hoec.
837 1955 934 2009 Strabo
946 1955 1052 2010 viderur
1066 1959 1121 2023 111,
1134 1957 1165 2012 i'd

110 2035 172 2086 omui
184 2039 290 2090 metello
309 2050 422 2090 vocetur
436 2038 529 2089 scoria.
546 2063 557 2084 ι
573 2037 609 2092 At
647 2037 762 2107 ἤλεκτρον
774 2053 877 2089 vocure.
891 2035 981 2090 Herio.

110 2115 229 2168 uminum
252 2117 297 2170 hic
311 2135 406 2170 omnes
421 2117 496 2170 MSS.
513 2117 609 2188 prule·
692 2135 738 2170 rr.
756 2116 841 2170 Carini
843 2114 925 2185 sumt,
936 2128 985 2169 etc.
998 2116 1042 2170 Sic
1056 2115 1161 2188 legend.

110 2205 178 2244 runt:
194 2196 239 2248 etei
257 2197 377 2250 mtinum
397 2214 505 2266 quoque
527 2196 609 2250 scribi
652 2195 765 2250 «Cutini
776 2197 885 2248 fluutex
898 2195 1036 2260 eneconi05
1049 2195 1161 2261 boeot,

109 2267 169 2324 trud
183 2293 248 2344 egre
261 2273 405 2330 ferendum
417 2287 465 2328 ert.
479 2277 565 2328 erec
579 2276 607 2328 in
650 2287 719 2330 terra
740 2275 801 2328 alba
823 2275 916 2328 similis
936 2275 1033 2346 argillre
1050 2291 1167 2348 :neque

110 2367 166 2403 mro
173 2357 295 2424 coquitur
306 2357 404 2411 iterum
417 2373 447 2409 ec
457 2353 605 2408 tunditur.»
649 2355 721 2408 eninr
737 2355 788 2409 ulia
804 2353 894 2407 flatum
910 2354 1055 2425 ignemque
1074 2367 1100 2408 et
1119 2374 1164 2408 ar·

109 2427 184 2484 Immo
195 2435 269 2505 prius
280 2433 418 2499 tunditur,
427 2453 506 2505 quem
518 2435 611 2507 coqui·
649 2433 758 2488 dentem
767 2433 904 2488 materiam
914 2434 1017 2487 tolerat.
1029 2436 1080 2488 »Et
1088 2432 1165 2507 quod

111 2520 147 2561 tur
157 2530 164 2563 :
174 2532 233 2567 narn
250 2513 316 2569 ideo
331 2513 464 2580 tunditur,
477 2528 506 2569 ut
524 2514 550 2569 in
566 2534 609 2569 ra·
649 2514 778 2585 praecedit
789 2515 825 2569 ita
837 2512 941 2584 legend.
957 2540 969 2563 ι
984 2516 1046 2568 Herc
1058 2515 1086 2567 in
1097 2534 1163 2569 euro

110 2603 184 2643 trente
202 2595 410 2658 comminuetur,
430 2612 483 2665 quo
506 2593 610 2647 fecilior
650 2593 782 2660 tunditur,
807 2594 918 2659 iterum,
943 2592 1095 2666 iterumque
1116 2613 1163 2647 co·

110 2683 233 2739 coquetur,
250 2687 281 2727 ut
298 2675 327 2727 in
341 2692 407 2728 euro
422 2673 480 2743 ipso
494 2674 532 2727 lit.
552 2674 608 2728 sat·
649 2675 751 2745 quitur.
766 2700 777 2721 ι
797 2672 913 2727 Stetere.
926 2701 967 2713 -
989 2672 1074 2725 Carini
1077 2672 1163 2743 fiunt,

110 2750 211 2803 uestitu
231 2754 319 2805 Solio.
341 2772 370 2823 p.
395 2771 466 2822 ¹⁰79
482 2748 527 2815 (ne
543 2751 610 2824 quid
649 2765 698 2806 etc.
712 2754 823 2807 Cetiuue
838 2749 949 2816 insert,
968 2752 997 2805 in
1012 2772 1067 2824 quo
1080 2765 1165 2806 mrte-

108 2822 308 2899 pretermittam)
323 2833 380 2885 hrec
397 2832 546 2885 emendatio
561 2845 608 2887 ert.
649 2833 689 2885 ria
704 2833 838 2905 coquitur.
856 2832 934 2887 Nunc
947 2832 1042 2884 fossum
1058 2843 1085 2885 et
1099 2851 1164 2887 con·

112 2908 231 2963 'Vocant
250 2923 394 2981 argentum
419 2910 493 2981 quod
517 2913 570 2965 exit
594 2930 609 2964 e
649 2912 726 2965 elram
738 2923 840 2965 vomat
852 2912 1061 2965 lle-Tuscorum.
1072 2912 1165 2966 Manet

108 2984 215 3055 lomere,
225 2990 276 3045 sed
287 2992 353 3044 auri.
366 2990 609 3060 Atquaeecemino
649 2992 802 3045 etiamnunc
816 2990 939 3062 Hirpauie
957 3009 1056 3045 nomen
1078 3004 1163 3055 tusco,

106 3066 424 3141 jectrturrpurcitir,etc.
438 3094 450 3115 ι
467 3070 610 3123 lirum-
650 3072 825 3143 expurgati03
845 3071 925 3123 nobie
944 3083 1051 3129 crearet,
1079 3091 1165 3143 coupe-

109 3144 162 3199 Pr‘lr's
175 3150 274 3203 wduur.
289 3152 363 3203 Brot.
377 3167 410 3202 ex
423 3150 487 3222 fleg.
504 3148 564 3203 cod.
577 3150 609 3215 3,
628 3156 632 3162 '
651 3151 717 3205 telle.
733 3151 785 3203 Eo.

108 3240 159 3293 post
169 3228 463 3299 summittendum.
478 3232 530 3283 En.
646 3256 654 3276 x
695 3249 741 3283 rr.
758 3231 814 3281 Hoc
826 3242 862 3281 est
875 3242 939 3281 terra
956 3228 1013 3281 alba
1025 3230 1110 3281 similis
1123 3250 1165 3282 ur-

147 3324 188 3374 ¹⁹·
203 3310 302 3363 Vocant
313 3322 455 3378 argeutum,
466 3310 532 3381 quod
540 3311 612 3361 erite
651 3311 729 3381 gitta.
742 3311 776 3363 In
786 3309 944 3381 apographo
958 3321 1068 3372 nostro,
1083 3331 1093 3351 ·
1108 3310 1165 3365 lraec

103 3384 202 3449 sm.
218 3390 326 3441 Aurum
345 3390 400 3443 fuit
417 3401 524 3461 argento
544 3389 612 3442 mix·
653 3403 692 3443 ert
708 3406 779 3446 terra
796 3389 857 3444 albu
868 3387 963 3442 similis
978 3388 1090 3459 argillae,
1106 3414 1117 3436 ι
1138 3404 1165 3442 et

109 3458 612 3541 turn:uam‚utmoxsubjicitur,iterum
653 3472 735 3541 paulo
750 3482 809 3539 port
821 3480 945 3539 operatos,
955 3487 1010 3521 non
1020 3471 1141 3539 oper-arios
1156 3487 1163 3521 t

109 3544 271 3611 trudebatur,
285 3550 518 3621 coquebaturque‚
530 3561 560 3603 ut
569 3567 614 3601 uu·
654 3564 750 3603 neutro
766 3547 847 3601 niodo
864 3546 1007 3617 legendum
1029 3566 1100 3608 reor,
1119 3546 1166 3603 red

109 3640 161 3678 tum
172 3627 233 3683 inde
246 3629 349 3682 scilicet
363 3647 464 3699 purum
480 3630 613 3683 elicerent.
654 3650 755 3700 operas,
773 3640 873 3683 utnon
894 3628 979 3680 multo
993 3640 1052 3697 poet
1070 3647 1076 3679 ι
1095 3652 1107 3675 ι
1122 3628 1168 3680 hic

110 3700 154 3757 Sed
166 3708 307 3769 nimirum,
322 3721 351 3761 ut
362 3706 472 3774 dicitur,
481 3727 538 3779 cup.
555 3710 590 3761 23
605 3726 611 3761 ε
654 3728 722 3763 voce
735 3709 822 3762 ictuve
836 3707 941 3761 evocari
951 3708 1027 3775 jubet
1037 3724 1140 3777 operae.
1151 3734 1163 3757 ι

112 3785 212 3840 «Omni
225 3806 291 3843 auro
307 3788 376 3841 iuret
390 3799 526 3859 argentum
540 3786 615 3841 vario
656 3787 841 3843 Pium-Alia
852 3788 974 3859 afflatum.
985 3786 1030 3839 Br.
1043 3806 1076 3839 ex
1089 3786 1166 3841 MSS.

111 3864 236 3930 tardere,
257 3868 324 3921 alibi
344 3866 428 3931 dena,
448 3868 513 3920 alibi
529 3886 614 3933 none,
657 3870 782 3941 Regg.·et
796 3866 838 3919 ed.
854 3886 896 3938 pr.
912 3866 1070 3935 attestatum.
1084 3868 1137 3919 Eo.

111 3942 166 3997 tlibi
180 3960 272 4002 octm
287 3960 373 4019 perte.
389 3946 616 4001 »lirun-Vc·
657 3998 658 4001 ,
700 3948 747 4002 23.
770 3947 873 3999 Eadem.
891 3944 1029 4011 Quamdiu
1051 3946 1127 4001 labor
1148 3946 1170 3999 ie

111 4038 161 4074 ew
171 4040 307 4096 argeutum,
318 4040 371 4083 etc.
381 4027 450 4081 Nam
466 4027 540 4079 omni
550 4044 616 4087 uuro
660 4026 755 4087 durat,
770 4026 872 4080 tamdiu
884 4044 936 4079 nox
951 4037 1000 4079 eet.
1011 4026 1102 4079 Hirro.

112 4106 267 4169 permixtum
281 4121 422 4179 regentum
437 4120 477 4159 eet
493 4107 552 4176 plue
568 4107 618 4159 mi·
704 4115 749 4173 πά.
767 4107 889 4175 Armatus
902 4106 931 4159 td
942 4123 1018 4175 genus
1033 4117 1130 4159 vocent.
1141 4102 1174 4157 Id

991 4197 1026 4269 5¹
