2950 5000
334 486 403 556 228
604 489 643 555 C.
670 487 834 556 PLlNll
859 489 966 557 NAT.
994 491 1123 559 HlS'l'.

331 635 483 690 auctores
501 619 729 714 prodiderunt.
752 621 868 714 Magni
888 623 1035 717 Pompeii
1053 625 1086 692 in
1108 628 1206 696 tertio
1227 627 1381 698 consulatu

331 742 436 796 exstat
462 727 625 811 edictum,
647 728 682 795 iu
700 724 846 796 tumultu
865 729 954 798 necis
974 728 1163 822 Clodiane,
1189 735 1380 828 prohibentis

332 833 441 928 ullum,
455 831 557 904 telum
580 858 651 902 esse
668 835 703 900 in
723 833 816 902 urbe.

302 976 309 1007 t
384 943 457 1010 XL.
478 943 523 1009 Et
543 954 655 1008 tamen
672 940 741 1008 vita
765 941 835 1034 ipsa
858 964 926 1008 non
948 939 1070 1011 defuit¹
1089 944 1272 1015 honorem²
1290 949 1383 1017 mitio-

335 1073 402 1116 rem
423 1047 545 1114 habere
565 1045 654 1114 ferro
671 1069 814 1139 quoque.
836 1033 1060 1118 Aristonidas³
1079 1050 1199 1120 artifex
1219 1078 1319 1148 quum
1335 1078 1383 1122 er-

216 1203 232 1224 t
335 1156 477 1247 primere
493 1150 593 1221 vellet
605 1151 815 1221 Athamantis
831 1152 977 1222 furorem
998 1157 1151 1226 Learcho
1167 1157 1238 1228 filio
1251 1161 1385 1254 precipi-

334 1275 404 1329 tato
425 1245 643 1328 residenteml
661 1259 873 1352 poenitentia,
899 1283 961 1344 tes,
987 1259 1179 1357 ferrumque
1198 1266 1340 1353 miscuit,
1355 1279 1387 1332 ut

334 1367 487 1461 rubigine
507 1365 578 1459 ejus
603 1389 663 1459 per
687 1365 829 1433 nitorem
857 1367 931 1434 teris
956 1366 1144 1455 relucente,
1162 1373 1387 1466 exprimeretur

334 1471 541 1542 verecundiae
566 1471 677 1540 rubor.
703 1473 778 1540 Hoc
805 1459 935 1564 Quum
962 1489 1069 1544 exstat
1088 1476 1213 1546 Thebis
1242 1477 1387 1548 hodierno

333 1580 396 1648 die.
416 1581 477 1648 Est
505 1579 538 1646 in
561 1576 678 1646 eadem
703 1576 788 1645 urbe
812 1591 846 1645 et
866 1576 992 1649 ferreus
1016 1581 1177 1652 Hercules
1199 1609 1299 1678 quem
1322 1583 1390 1653 lecit

336 1672 469 1775 Alcon⁵,
489 1683 642 1754 laborum
656 1682 710 1751 dei
725 1683 882 1777 patientia
897 1685 1234 1760 inductusVidemus
1245 1693 1390 1760 ethome

336 1792 479 1887 scyphos
496 1815 515 1860 e
529 1789 617 1859 ferro
627 1789 755 1859 dicatos
767 1790 800 1858 in
812 1789 936 1884 templo
944 1779 1082 1863 Martis⁶
1094 1794 1234 1867 Ultoris.
1249 1794 1389 1866 Obstitit⁷

339 1933 639 2004 machumlib.11,ep.
657 1931 793 1987 axanGs·
812 1963 851 1976 -·
893 1947 983 1989 autem
1006 1938 1117 2008 scopulo
1137 1937 1318 1995 deturbatum
1331 1943 1389 1996 Dra.

341 2018 455 2068 lutatam.
470 2013 582 2066 Minime
599 2023 699 2066 tutum.
710 2012 756 2065 Sic
771 2013 851 2066 etium
894 2043 934 2055 -
945 2015 1060 2071 Learcho.
1082 2019 1173 2075 Exstat
1187 2021 1261 2093 apud
1273 2021 1390 2076 Nasonem

340 2095 417 2148 MSS.
431 2093 498 2146 Sunt
512 2091 560 2163 qui
569 2095 670 2144 uetitum
688 2092 790 2144 malint.
809 2093 854 2144 la·
894 2094 1176 2166 fabula,Metam.1V,
1186 2103 1252 2171 467.
1266 2101 1350 2154 Haau.

340 2187 416 2226 tntum
433 2173 527 2226 Tacito
550 2172 648 2237 semel,
673 2171 769 2242 saepius
792 2173 854 2223 Am·
937 2176 1065 2230 sutor.
1079 2177 1205 2234 Meminit
1223 2181 1338 2254 hujusiu
1351 2183 1392 2234 ba·

340 2255 430 2308 ariano
443 2262 568 2321 usurpata
580 2269 640 2304 toa.
654 2249 769 2303 H.-Et
779 2251 852 2322 stylo.
894 2254 994 2307 conicis
1003 2255 1155 2322 Pausanias,
1173 2271 1200 2312 et
1215 2259 1394 2332 Hippocoontis

342 2336 416 2388 Brot.
431 2350 463 2385 ex
477 2330 519 2386 etl.
534 2349 576 2402 pr.
588 2341 615 2382 st
625 2349 679 2383 cum
691 2331 763 2402 stylo.
776 2333 831 2384 En.
895 2333 981 2386 filium
991 2349 1067 2390 vocnt
1077 2355 1084 2391 ε
1096 2337 1167 2391 Naso
1178 2357 1289 2412 quoque
1297 2342 1392 2394 Metam.

382 2413 439 2465 XL.
462 2430 487 2466 1.
503 2411 592 2463 Desiit.
607 2411 686 2462 Voss.
708 2409 794 2477 defuit.
816 2409 854 2462 Ut
897 2413 980 2478 xm,
997 2415 1071 2470 683:
1093 2444 1105 2467 ι
1120 2417 1159 2470 illi
1174 2417 1345 2476 fabricarent
1360 2421 1394 2472 tt-

342 2492 466 2556 Tacitus,
484 2491 553 2544 Hist.
568 2490 616 2544 lib.
633 2489 673 2543 IV
688 2510 696 2543 a
713 2516 725 2538 ι
740 2489 795 2543 Nec
806 2487 853 2542 tle·
896 2512 947 2547 con
959 2493 1078 2566 Myleus,
1088 2511 1114 2551 et
1125 2497 1206 2571 longo
1219 2503 1352 2556 celaverat
1361 2519 1395 2553 ar·

344 2584 400 2627 erat
411 2571 593 2642 egentissimus
612 2572 724 2641 quisque
743 2588 759 2623 e
776 2569 855 2641 plebe
896 2586 1032 2643 gumento.
1045 2602 1056 2624 ι
1074 2576 1131 2630 Nisi
1147 2578 1217 2633 forte
1233 2580 1279 2635 laic
1296 2581 1394 2635 Nasonis

346 2665 374 2707 et
400 2650 512 2722 piissimi
539 2649 710 2703 servitiorum
740 2648 855 2719 prodere
899 2652 983 2707 Alcon
993 2658 1158 2726 argentarius
1167 2658 1243 2713 faber
1256 2660 1395 2725 estabillo

345 2732 418 2785 ultro
432 2728 501 2783 dites
513 2728 662 2782 dominos.»
677 2728 760 2782 Item:
777 2755 788 2776 ι
801 2730 856 2781 Nec
898 2732 1008 2785 ferrario
1019 2734 1147 2789 diversus.
1158 2736 1255 2793 Haao.
1307 2794 1314 2803 ,

347 2808 438 2865 deerat
457 2810 514 2880 ipse
537 2808 647 2880 stipatus
664 2808 787 2872 armatis,
807 2806 855 2860 do·
940 2816 967 2865 6.
982 2814 1012 2864 In
1029 2816 1338 2885 temploMurtis.1ut‘oro
1351 2822 1395 2873 hu·

346 2908 407 2944 rnos
426 2890 570 2959 hortosque
588 2900 759 2960 permutans,
775 2904 857 2959 appa·
899 2892 967 2962 gusti
978 2930 986 2959 ,
998 2894 1106 2964 regione
1118 2896 1201 2951 Urbis
1211 2915 1314 2956 octava.
1329 2902 1360 2955 Η.

348 2983 424 3033 ratu,
437 2969 540 3022 incessu
550 3006 559 3032 ,
569 2967 688 3021 excubiis
697 3006 706 3037 ,
714 2966 769 3020 rim
783 2968 857 3039 priu-
941 2990 969 3041 7.
982 2971 1094 3029 Obstitit.
1104 2975 1144 3029 Ne
1154 2977 1229 3033 huuc
1238 2980 1312 3035 ferro
1324 2980 1397 3035 mitio·

349 3049 418 3121 cipis
428 3045 577 3118 complecti.
584 3073 595 3094 ι
613 3046 705 3101 Guorr.
900 3067 958 3102 rem
968 3050 1098 3109 bonorem
1107 3056 1161 3109 rita
1173 3057 1286 3114 baberet
1292 3102 1302 3127 ,
1312 3061 1397 3133 dequo

393 3147 420 3181 s.
440 3128 571 3180 Honorem.
597 3124 640 3179 sd
658 3124 778 3179 mitiores
798 3146 860 3180 usus
901 3128 1003 3184 <lictum
1019 3146 1058 3187 est
1068 3134 1145 3188 initio
1156 3137 1396 3213 hujuscapitis,nb·

351 3206 510 3268 adsciscere,
522 3206 640 3276 exempli
653 3206 736 3276 gratia
748 3244 755 3269 ,
768 3206 803 3257 ad
812 3220 861 3258 sta·
902 3209 968 3263 stitit
982 3230 1033 3282 pro
1051 3232 1098 3267 sua
1116 3215 1283 3287 benignitate
1304 3234 1397 3280 natura,

353 3302 423 3353 suas,
436 3284 580 3358 dequibus
592 3285 680 3338 statim
695 3284 808 3339 dicetur.
823 3287 859 3340 H.
903 3300 960 3343 tum
979 3289 1087 3347 inducta
1105 3294 1176 3349 ferro
1199 3300 1324 3371 rubigine
1339 3300 1397 3354 velut

394 3367 421 3419 3.
432 3366 597 3419 Aristoaidas.
610 3356 774 3435 lptcusiist.
790 3366 824 3419 Η.
903 3369 931 3421 in
945 3388 1066 3440 posnam,
1081 3386 1136 3426 turn
1152 3377 1234 3430 simili
1249 3382 1308 3450 ejus
1324 3376 1396 3452 proti·

396 3453 422 3509 4.
436 3446 544 3497 barcho
555 3442 613 3515 filia
629 3448 785 3514 praecipitato
806 3452 863 3499 resi·
903 3447 994 3503 dentis
1007 3451 1075 3506 nibil
1085 3453 1196 3508 iaciente
1206 3458 1233 3510 in
1247 3460 1329 3513 rebus
1340 3477 1398 3513 moe

354 3526 455 3579 dantem.
469 3526 595 3578 Athamas
611 3523 703 3576 furens
713 3524 862 3579 Learchum
904 3528 1018 3597 talibus,
1034 3550 1112 3603 qnam
1131 3534 1206 3605 quod
1228 3551 1269 3593 est
1283 3536 1400 3595 ntem-t

355 3624 387 3659 ea
396 3608 447 3658 Iuo
458 3604 555 3668 filium,
563 3622 624 3656 saxo
635 3603 734 3655 illisum
745 3606 862 3671 necarit,
904 3626 978 3662 mum
986 3612 1182 3679 mortalitati,et
1189 3615 1301 3687 plenum
1308 3616 1399 3673 laboris

354 3682 425 3738 idem
444 3684 563 3737 facturus
581 3680 615 3735 de
634 3693 720 3735 matre
737 3694 765 3735 et
779 3686 863 3739 altero
904 3687 994 3752 Quare
1004 3708 1018 3741 a
1030 3691 1182 3747 mitioribus
1191 3696 1245 3750 illis
1256 3700 1354 3753 artibus
1361 3698 1399 3751 ler-

356 3764 413 3818 lilio
423 3763 573 3828 Melicerta,
584 3762 636 3815 nisi
651 3782 684 3815 eo
695 3760 723 3813 iu
733 3762 810 3817 ulnas
824 3784 863 3819 re-
903 3785 965 3820 rum
979 3767 1172 3826 traducendum
1186 3774 1222 3829 ad
1237 3776 1329 3842 falces,
1344 3778 1399 3847 ligo·

355 3856 433 3915 cepto
452 3842 617 3914 precipitem
633 3842 723 3894 lnose
742 3841 769 3895 in
789 3864 862 3898 mare
904 3866 951 3900 ucs
970 3847 1074 3920 aliaque
1095 3852 1290 3923 instrumenta,
1318 3857 1400 3930 quibu

353 3924 465 3993 jecisset.
491 3922 583 3989 Quare
602 3922 648 3975 bic
664 3921 861 3993 precipitatum
905 3926 1010 3979 arbusta
1033 3928 1159 3999 serimus,
1181 3936 1400 4011 ponimuspuma·

352 4002 517 4064 Learchum,
532 4019 594 4053 saxo
613 4000 762 4068 inflictum,
781 4016 808 4056 et
823 4003 862 4057 sic
905 4006 961 4071 ria,
975 4006 1101 4063 cedimus
1111 4030 1169 4065 saxa
1179 4052 1187 4079 ,
1199 4028 1251 4069 etc.
1267 4017 1301 4069 Η.
1312 4050 1348 4060 -
1359 4013 1400 4069 Ol·

232 4121 234 4124 ψ
351 4084 468 4139 occisum
491 4080 637 4151 intelligere
659 4092 783 4153 oportet,
805 4103 859 4137 non
905 4089 974 4138 stitit.
987 4086 1071 4143 Grou.
1086 4104 1112 4144 et
1125 4092 1168 4147 nl.
1185 4095 1289 4151 abant.
1303 4099 1351 4152 Eo.
1436 4108 1437 4111 ’
