2950 5000
305 407 375 479 536
508 435 512 448 ·
577 411 616 477 C.
643 409 809 478 PLlNll
834 411 943 479 NAT.
971 410 1100 478 HlST.

302 542 380 612 dem
395 555 430 609 et
444 543 617 610 Poenicum
624 539 648 627 ⁹,
659 554 694 610 et
702 540 895 610 haematiten
908 543 949 610 iis
958 540 1209 610 medicamentis
1219 529 1357 634 prodesse

302 646 460 733 tradunt,
477 669 552 740 quae
566 669 608 713 ex
629 669 731 716 croco
750 659 997 740 componantur
1012 671 1021 714 :
1036 671 1077 716 ex
1093 645 1159 714 alio
1170 644 1196 670 ¹⁰
1207 650 1356 733 Tenatio,

301 754 359 846 qui
376 753 472 846 niger
491 765 559 836 est,
577 765 674 820 etex
692 755 789 821 Pario
811 751 938 846 lapide,
957 777 1026 821 non
1043 775 1137 844 aque
1158 753 1287 823 medicis
1303 757 1357 822 uti

241 894 245 900 ·
302 856 368 927 lem
382 883 390 925 t
408 860 572 952 potiorem
583 881 625 924 cx
634 855 822 927 alabastrite
831 856 1030 954 AEgyptio¹¹,
1042 856 1094 925 vel
1107 882 1149 926 ex
1163 859 1273 952 ophite
1282 859 1356 927 albo.

266 981 273 998 ·
302 966 364 1032 Est
381 966 471 1032 enim
488 963 555 1034 hoc
573 987 678 1056 genus
697 964 837 1068 ophitis,
853 989 896 1033 cx
916 988 983 1058 quo
1003 986 1082 1032 vasa
1100 965 1201 1032 ctiam
1224 979 1257 1033 et
1273 965 1362 1033 cados

303 1069 440 1138 faciunt„
514 1121 519 1130 1

271 1197 283 1231 ¹
355 1177 483 1246 XLIV.
503 1177 543 1242 ln
563 1176 692 1270 Siphno
711 1173 812 1269 lapis¹
833 1189 898 1259 est,
914 1179 971 1269 qui
995 1188 1135 1244 cavatur
1155 1189 1361 1268 tornaturque

303 1281 338 1349 in
354 1303 435 1348 vasa
453 1282 637 1374 coquendis
654 1280 736 1350 cibis
754 1281 863 1365 utilia,
882 1280 935 1349 vel
954 1282 996 1350 ad
1015 1280 1262 1351 esculentorum
1277 1305 1362 1348 usus:

303 1384 393 1479 quod
409 1387 444 1453 in
458 1388 617 1456 Comensi
631 1385 734 1455 ltaliae
750 1385 858 1481 lapide
872 1386 980 1455 viridi²
1000 1387 1152 1456 accidere
1165 1389 1295 1455 scimus.
1310 1385 1365 1455 sed

303 1493 338 1559 in
352 1478 703 1587 Siphnio³singtrlare‚
720 1493 812 1587 quod
830 1490 1033 1562 excalfactus
1045 1491 1120 1560 oleo
1135 1493 1365 1587 nigrescit,du·

304 1598 479 1692 rexitque,
491 1611 611 1666 natura
626 1596 847 1667 mollissimus.
859 1601 965 1666 Tanta
981 1597 1179 1692 qualitatum
1191 1598 1366 1666 differentia

305 1715 364 1771 est
384 1705 472 1772 Nam
491 1702 639 1772 mollitio
654 1719 688 1772 et
706 1717 799 1772 trans
816 1702 915 1796 Alpes
936 1706 1106 1798 praecipua
1124 1720 1204 1774 sunt
1219 1703 1366 1797 exempla.

304 1811 345 1874 In
357 1807 489 1902 Belgica
503 1811 674 1903 provincia
685 1809 865 1878 candidum
879 1797 1229 1905 lapidem⁴serra‚qua
1243 1809 1368 1904 lignum,

306 1912 500 2008 faciliusque
509 1916 626 2000 ctiam,
636 1915 811 2001 secuunad
820 1913 1007 2008 tegularum
1018 1929 1052 1984 et
1063 1916 1242 1984 imbricum
1256 1918 1366 1984 vicem:

307 2017 360 2087 vel
378 2021 405 2087 si
423 2019 539 2104 libeat,
562 2020 605 2088 ad
623 2046 698 2115 qua
713 2005 1220 2116 vocant-pavonacca⁵'tegendi
1240 2044 1367 2116 genera:

307 2124 392 2192 ethi
409 2125 542 2218 quidem
561 2125 689 2196 sectiles
708 2141 796 2194 sunt.

349 2313 376 2360 9.
388 2293 426 2344 Et
437 2292 569 2346 Panicum.
590 2295 740 2360 Punicum,
756 2295 821 2348 Gar·
909 2297 936 2350 3.
945 2295 998 2348 Sed
1005 2300 1030 2348 io
1038 2295 1149 2365 Siphnio.
1160 2293 1257 2348 isidor.
1270 2291 1368 2347 totidem

309 2371 511 2441 thaginieusem.
530 2373 622 2426 Haan.
865 2375 1052 2444 verbis‚0rig.
1065 2373 1113 2428 lib.
1122 2375 1205 2439 XVI,
1216 2392 1274 2445 cap.
1287 2373 1371 2438 mli·

354 2451 824 2507 1o.1iaeaiioToenario.Succomsuh-
865 2455 942 2508 nium
958 2453 1316 2526 sequutusTheophmtus,
1329 2452 1369 2503 lib.

310 2530 448 2602 intellige,
464 2549 497 2584 ex
509 2533 563 2585 alio
580 2532 705 2585 Tanario
716 2530 823 2603 lapide,
866 2536 923 2603 περὶ
935 2536 1022 2597 λίθων,
1035 2551 1062 2604 p.
1083 2552 1110 2603 9.
1125 2535 1219 2585 liano.

311 2610 359 2681 qui
371 2612 448 2681 niger
462 2623 509 2663 est.
524 2612 615 2665 Hann.
909 2619 935 2677 4.
950 2614 981 2665 In
997 2614 1099 2681 Belgica
1109 2616 1236 2683 provincia
1256 2610 1371 2665 “addan

355 2708 400 2743 rr.
415 2690 567 2743 Alabastrite
580 2690 720 2761 AEgyptio,
737 2690 782 2741 uel
793 2711 823 2745 en
868 2692 982 2762 lapidem.
991 2692 1052 2744 Nou
1060 2692 1087 2745 in
1093 2692 1198 2761 belgica
1208 2704 1308 2744 tantum
1317 2706 1371 2758 pro·

311 2768 393 2838 'ophite
411 2768 475 2822 albo.
498 2772 645 2840 Repertum
658 2782 699 2822 est
720 2768 748 2821 iu
761 2770 825 2823 villa
869 2771 971 2836 vincia,
982 2770 1028 2825 sed
1042 2782 1069 2823 et
1082 2772 1109 2823 in
1129 2771 1218 2823 Gallia
1234 2771 1370 2823 Celtirare·

312 2845 447 2904 Labicana
455 2848 473 2900 J
475 2848 523 2902 ulii
531 2850 655 2909 Casama,
663 2865 736 2901 nuuc
743 2847 770 2902 S.
781 2846 826 2901 Ce-
870 2850 975 2919 peritur
986 2850 1031 2903 ille
1045 2849 1127 2922 lapis,
1143 2850 1169 2901 la
1179 2850 1371 2919 piemsmrclr,

311 2931 444 2992 ivnonas
452 2939 561 2981 oratum
570 2946 603 2980 ex
614 2926 772 2992 alabastrite,
781 2944 826 2980 cu·
870 2948 925 3001 quo
938 2930 966 2982 in
979 2930 1046 3001 agris
1061 2929 1167 3001 tuguria
1179 2930 1328 3002 templaque
1342 2938 1371 2977 te-

313 3006 356 3076 ins
374 3004 490 3059 ambitus
506 3019 546 3059 est
564 3006 715 3077 palmorum
730 3006 825 3077 viginti
869 3020 978 3080 guntur.
991 3010 1075 3061 Baor.

313 3084 445 3157 quinque,
459 3084 572 3139 altitudo
594 3085 746 3157 palmorum
765 3104 827 3157 qua·
912 3088 939 3142 5.
956 3087 1108 3141 Pavonum.
1134 3086 1214 3141 Docti
1237 3085 1371 3156 complures

313 3173 386 3217 tuor.
401 3163 607 3218 Broc-Conl'.
623 3160 658 3217 dc
675 3165 827 3218 alabastrite
841 3222 848 3231 ‚
869 3166 1014 3239 legendum
1029 3178 1123 3237 putant
1131 3170 1239 3237 pavita,
1261 3178 1302 3219 aut
1311 3166 1371 3235 prri-
1439 3228 1441 3243 Ι

313 3260 371 3315 cap.
385 3244 420 3311 59
433 3240 511 3297 iulia.
526 3244 578 3296 Eu.
872 3258 967 3310 mento,
978 3244 1006 3297 id
1022 3257 1075 3308 est,
1088 3246 1236 3315 pavimenti
1252 3242 1325 3297 modo
1339 3242 1371 3292 ia·

244 3378 248 3385 ,
353 3322 452 3376 mv,
465 3341 489 3376 1.
505 3324 536 3376 Iu
548 3322 640 3395 Siphno
651 3324 721 3393 [apri.
731 3323 826 3393 tipum
871 3337 913 3377 cta
928 3322 1371 3395 etconstructu.Egoporonucenin·

312 3401 425 3473 ποτήριον
437 3402 678 3474 Stephano,verbo
685 3408 779 3473 lipare.
791 3402 823 3454 Η.
872 3413 1013 3474 terpretor‚
1022 3403 1161 3475 picturatis
1170 3402 1286 3475 lapidum
1296 3403 1372 3471 impo-

312 3483 390 3534 -Iu
399 3481 489 3552 Sipioio
500 3482 570 3552 lapis.
585 3481 636 3535 llic
649 3480 715 3551 lapis
724 3482 827 3553 ophitis
871 3482 983 3535 sitorum
991 3482 1099 3554 quadris
1106 3480 1138 3535 ad
1147 3482 1231 3535 instar
1240 3496 1369 3553 penuamn

311 3554 464 3631 (serpentine)
487 3562 597 3615 varietas
624 3572 679 3625 cst;
706 3560 823 3626 nostris,
871 3563 984 3632 pavonis
999 3561 1140 3633 fulgentia,
1158 3573 1186 3615 et
1199 3558 1371 3633 splendentia,

307 3643 388 3711 piem
401 3640 496 3693 ollarias.
515 3638 652 3710 Siphnos,
670 3657 744 3693 nuuc
766 3639 824 3693 Ser·
873 3654 902 3693 ut
916 3640 997 3693 hodie
1012 3642 1043 3694 lit
1059 3642 1086 3693 in
1104 3640 1257 3711 principum
1268 3638 1371 3698 adibus,

308 3720 412 3788 pilento.
432 3720 484 3773 En.
873 3719 968 3791 tegulis
976 3738 1070 3791 magna
1080 3720 1204 3773 colorum
1215 3720 1331 3772 varietate
1339 3716 1372 3766 ni·

353 3818 379 3851 a.
392 3798 424 3851 In
434 3798 636 3852 comitatio
647 3796 727 3868 lapide
737 3798 825 3853 viridi.
873 3800 992 3853 tentibus
1012 3811 1040 3852 et
1056 3799 1216 3871 conspicuis.
1231 3800 1326 3851 Darae.
1338 3824 1372 3837 -

309 3876 389 3949 Lapis
408 3878 454 3930 illc
472 3874 580 3939 viridis,
595 3878 621 3928 la
636 3881 718 3948 pierre
740 3877 830 3931 ollain
874 3878 1025 3931 Paroream.
1044 3878 1126 3931 Tecta
1142 3878 1240 3931 scilicet
1260 3896 1276 3929 e
1294 3870 1373 3949 lapide

308 3956 479 4010 matriolis
494 3975 558 4027 agro
572 3957 712 4020 Comensi,
729 3958 809 4013 Come
819 4000 828 4025 ‚
875 3956 963 4023 fissili,
976 3958 1004 4010 in
1019 3976 1154 4029 squamam
1175 3970 1244 4011 secto
1263 3966 1287 4008 et
1306 3968 1370 4006 cont·

307 4048 335 4089 ct
344 4035 373 4088 in
388 4038 512 4092 Helvetia·
521 4036 662 4107 reperitur.
673 4036 758 4090 Bror.
876 4038 981 4109 posito,
994 4038 1022 4089 in
1040 4053 1174 4108 pavonum
1188 4034 1275 4090 cauda
1288 4030 1368 4086 simili·
