2950 5000
346 457 412 551 178
607 455 978 528 urrunnun.
1007 458 1134 529 ursr.
1226 427 1231 432 ’

341 590 417 660 secit
448 577 730 660 stadiodromon⁵³
759 589 913 686 Astylon,
935 594 991 685 qui
1014 591 1179 688 Olympiae
1204 594 1388 664 ostenditur:

339 713 372 766 ct
389 699 495 792 libyn
511 721 651 792 puerum
660 683 691 744 ⁵⁴1
707 712 874 766 tenentem
898 696 1072 786 tabellum,
1090 699 1208 768 eodesn
1231 699 1302 770 loco
1310 688 1343 784 ⁵⁵,
1361 718 1388 768 rt

339 803 423 872 mala
446 805 607 873 ferentem
626 804 766 872 nudurn.
788 806 958 899 Syracusis
974 819 1085 874 autern
1106 793 1386 876 claudicentens⁵⁶2

337 911 432 1004 cujus
449 910 594 980 lsulceris
613 909 762 979 dolorem
778 912 900 980 sentire
914 913 1013 980 etiarn
1033 927 1222 1006 spectantes
1240 913 1387 982 videntur.

336 1020 421 1087 Item
433 1017 636 1112 Apollinem,
649 1031 904 1146 serpentemque
915 1017 986 1110 ejus
1004 1019 1130 1114 sagittis
1146 1018 1267 1088 confici
1282 1046 1290 1088 ε
1305 1019 1389 1088 citlrc

335 1124 466 1192 rmdusn
488 1125 544 1218 qui
560 1126 693 1192 Dicoeus
713 1121 922 1218 7appellatus
940 1138 1008 1209 est,
1026 1125 1183 1254 pucrulum
1199 1149 1299 1220 quum
1312 1125 1386 1192 ‘ilse-
1437 1205 1438 1212 ἵ

335 1230 385 1299 bre
409 1231 452 1298 ab
472 1229 659 1300 Alexandro
679 1244 893 1324 caperentur,
910 1253 1029 1298 uururn
1053 1213 1065 1254 ⁸
1086 1254 1105 1300 a
1124 1229 1273 1325 fugiente
1290 1230 1386 1301 condi·

334 1351 427 1423 tum,
452 1339 526 1405 sinu
540 1336 612 1430 ejus
626 1334 769 1405 celatum
784 1350 879 1405 esset.
892 1337 956 1404 Hic
971 1337 1099 1431 primus
1117 1361 1240 1408 nervos
1252 1352 1286 1408 et
1300 1359 1389 1406 renus

333 1445 514 1540 expressit,
536 1440 759 1538 capillumque
780 1440 980 1537 diligentius.

331 1646 414 1700 Elius.
439 1659 508 1718 post.
530 1647 586 1712 vt,
612 1663 673 1717 pag.
700 1645 769 1710 366,
794 1645 842 1697 ubi
889 1642 975 1708 didit,
1001 1643 1084 1697 Elius.
1102 1645 1238 1715 post.Vl,
1256 1661 1314 1716 με.
1332 1643 1390 1713 367.

331 1727 419 1799 Anyti
444 1727 606 1781 Crotoniates
631 1737 759 1789 statuam,
786 1743 845 1796 quss
889 1743 974 1796 quuru
987 1724 1029 1777 vir
1044 1723 1089 1776 ille
1104 1723 1218 1790 dicatur,
1232 1735 1260 1778 et
1270 1725 1339 1796 prasi
1352 1742 1390 1777 ac·

332 1807 466 1860 leontino
490 1824 563 1859 nunc
586 1803 753 1866 adscribitur,
776 1823 845 1876 opus
891 1805 995 1858 cinctus
1005 1815 1147 1856 armatura.
1159 1801 1252 1854 Hsau.

331 1883 846 1957 essePytbsgorsecdmouet,quanusm
932 1883 979 1938 5⁵.
999 1882 1091 1936 Eodem
1104 1883 1167 1935 leco.
1180 1883 1313 1955 Olympius
1326 1879 1391 1935 side·

332 1966 379 2019 ille
393 1967 466 2038 cujus
480 1965 578 2030 fuerit,
591 1983 649 2018 non
663 1963 776 2019 indicet.
793 1963 846 2018 Sed
892 1963 965 2024 licet.
977 1963 1005 2016 in
1015 1961 1103 2017 Elide.
1115 1961 1207 2016 Hssn.

333 2065 417 2118 quum
431 2046 648 2116 ulterius,qnurn
661 2043 776 2113 lllrepini
792 2061 847 2097 esee
934 2042 979 2097 56.
1021 2041 1217 2096 claudicantem.
1252 2043 1393 2096 Alcamenes

333 2127 376 2179 vel
391 2146 422 2179 ex
438 2125 525 2178 Plinio
540 2125 712 2196 perspicuum
725 2123 759 2175 sit
772 2141 780 2176 s
794 2141 848 2176 esse
891 2122 971 2176 etiarn
986 2120 1207 2176 claudicationem
1227 2123 1339 2177 Vulcuui
1356 2139 1393 2173 es-

334 2217 423 2259 uutem
439 2205 594 2275 Pythagore
608 2202 749 2256 Psumnias
760 2203 849 2256 verbis
892 2202 995 2276 pressit.
1009 2201 1100 2256 Valer.
1121 2203 1233 2256 Maxim.
1256 2203 1304 2255 lib.
1321 2201 1392 2266 vm,

335 2285 471 2356 conceptis
483 2283 708 2355 significet,quin
723 2282 849 2336 Leontini
893 2301 954 2354 cup.
972 2299 1016 2334 ιι.
1032 2281 1124 2334 lirun.

309 2351 317 2370 ⁸
336 2365 385 2430 sit,
398 2364 509 2417 minime
519 2364 573 2436 jum
588 2362 700 2416 dubium
717 2375 765 2415 est.
782 2363 849 2415 Tres
933 2359 978 2432 57.
1001 2361 1053 2430 Qui
1078 2361 1178 2414 Dicoeus
1201 2363 1335 2433 appellatus
1356 2373 1391 2414 ut.

336 2445 419 2515 igitur
439 2461 471 2496 eo
491 2443 598 2496 nomine
617 2441 738 2496 statuarii
758 2443 849 2508 luere,
893 2441 1009 2506 Δίκαιος,
1018 2443 1099 2513 jrursu
1109 2461 1119 2495 :
1130 2439 1202 2513 quod
1219 2442 1355 2513 pecuniam
1370 2440 1393 2492 iu

335 2524 494 2597 Rhegium,
523 2523 690 2587 Leontinus,
713 2520 817 2576 Samius
841 2542 847 2574 ε
894 2520 1394 2595 sinumejusstutuucouditasn,sumna

337 2605 410 2677 quod
434 2603 536 2657 Plinius
558 2605 615 2674 ipse
637 2601 767 2667 declarat,
789 2620 850 2655 mox
894 2620 924 2655 ec
938 2599 991 2654 lide
1003 2614 1136 2655 servasset.
1152 2602 1274 2655 Similem
1291 2601 1393 2657 hulchi-

337 2687 500 2756 subjungeus
513 2702 520 2737 :
536 2683 622 2737 «Fau
635 2696 662 2737 et
674 2682 741 2736 nlius
754 2682 851 2753 Pytha·
894 2682 1003 2735 storiam
1017 2680 1080 2735 side
1095 2680 1166 2751 spud
1185 2681 1359 2741 Atheneuru,
1372 2682 1394 2739 l,

338 2782 416 2835 porus
427 2763 614 2818 Samius...liic
622 2761 775 2835 supradicto
785 2761 851 2816 lucie
896 2780 954 2832 pag.
966 2778 1007 2829 ¹9·
1023 2762 1138 2815 Revocat
1155 2760 1184 2813 id
1205 2761 1233 2814 in
1255 2762 1394 2816 memorium

339 2862 447 2917 quoque
456 2843 598 2897 indiscreta
607 2843 701 2897 similis
707 2842 787 2894 fuisse
798 2854 851 2894 tra·
895 2841 1053 2895 Xenocratis
1063 2841 1225 2913 epigramma
1238 2841 1355 2914 lepidum
1367 2858 1394 2892 en

339 2922 422 2978 ditur.
438 2922 552 2993 Rhegini
565 2935 654 2977 sutem
672 2921 849 2991 discipulus...
895 2920 1006 2975 Authol.
1025 2919 1077 2985 IV,
1094 2922 1134 2973 tit.
1155 2938 1203 2986 ru,
1222 2920 1258 2975 de
1277 2918 1397 2976 uenum

340 3006 484 3058 Sostratus.
503 3002 636 3068 »Quibus
653 3001 851 3073 verbisPythu-
893 3000 984 3072 ligneo
1004 3018 1101 3054 eurum
1121 3013 1275 3055 reservante
1293 3024 1300 3054 :
1318 2992 1395 3073 ἡμῖν

339 3104 431 3155 goram
448 3082 625 3153 tergeminum
638 3094 730 3153 aperte
745 3080 849 3151 signet:
895 3081 978 3151 ξυλίνῳ
994 3100 1030 3142 τις
1051 3082 1189 3148 ίπννίνχιτο,
1208 3081 1252 3133 stul
1272 3082 1338 3145 ξύλον
1352 3075 1395 3135 ln.

339 3163 653 3226 Snusium,rnoxalterum
661 3159 852 3233 supradictum,
894 3155 958 3213 etse
967 3166 1011 3229 ’μιν
1031 3160 1130 3231 dripere,
1143 3156 1258 3227 χαμάδις
1277 3162 1344 3229 ens.
1357 3164 1396 3212 Tui

339 3244 382 3297 rui
396 3242 489 3297 similis
502 3240 605 3296 Samius
618 3241 698 3294 luisse
709 3241 852 3312 perhiben-
895 3230 921 3291 δ’
937 3240 986 3292 ἀπὸ
1004 3243 1090 3311 χρυσὸς
1112 3228 1228 3311 ἒῤῥιυσιν
1244 3244 1394 3311 accepisset.

339 3339 401 3378 tur:
416 3334 581 3395 postremum
589 3360 602 3392 ,4
611 3320 772 3393 Rheginum.
785 3318 819 3373 H.
895 3306 968 3391 Ῠὸρις
978 3320 1036 3391 cc'ps
1050 3322 1154 3372 celticus
1166 3316 1264 3391 stipetur.
1280 3346 1292 3369 e
1304 3322 1397 3373 dietm-

380 3404 425 3458 53.
442 3402 635 3469 Studiodrussuu.
650 3396 853 3472 Zeedscrlpripss,
895 3400 965 3452 rium
983 3418 1015 3453 ex
1033 3399 1104 3469 liguo
1121 3399 1161 3451 vir
1176 3398 1234 3452 adit
1254 3418 1351 3471 prece:
1364 3398 1395 3453 nil

339 3485 422 3557 quiin
435 3480 851 3551 studiocursucertat.1)erlstylo
896 3480 946 3531 nisi
961 3479 1063 3551 lignum
1079 3476 1126 3531 ille
1137 3491 1211 3531 erat:
1227 3480 1256 3533 iu
1268 3492 1361 3534 terram
1373 3477 1394 3530 si

339 3563 492 3618 Crotoniata
517 3580 640 3627 cursore,
655 3560 729 3613 Plato
749 3558 783 3611 de
800 3561 850 3613 Le·
896 3578 989 3630 mogus
1009 3558 1119 3631 dejicit:
1137 3574 1232 3612 sursum
1255 3559 1394 3613 Profluite

337 3645 392 3715 gil).
406 3644 486 3709 Vlll,
500 3642 607 3715 aliique.
618 3642 672 3694 Ter
685 3640 707 3692 is
721 3630 849 3709 όλνμπιν·
894 3640 985 3693 lrectu.
1001 3640 1054 3692 Det
1068 3656 1138 3709 sepe
1151 3638 1250 3710 injuria
1262 3640 1393 3694 lucrum.-

336 3728 403 3785 siunt
418 3723 475 3777 luit.
490 3724 583 3776 Huun.
895 3721 986 3774 Hune.

379 3806 425 3867 54.
441 3803 519 3873 Libyn
536 3820 645 3871 puerum.
666 3802 759 3866 Quum
781 3816 848 3871 puer
934 3802 980 3854 58.
995 3800 1100 3853 Aurem.
1116 3797 1279 3870 Profugieus
1292 3818 1324 3853 er
1337 3798 1394 3851 urbe

336 3884 380 3937 hic
387 3883 545 3954 appelletur,
554 3883 636 3934 miror
645 3880 846 3950 Dalecumpium
889 3876 1018 3951 quidem,
1031 3878 1060 3931 in
1072 3878 1159 3931 einum
1168 3880 1227 3950 ejus
1237 3890 1329 3933 statue
1339 3894 1394 3932 cou-

336 3964 496 4017 esistimasse
529 3960 663 4014 Mneseam
686 3962 846 4031 Cyrencum
891 3958 991 4023 ditum,
1010 3958 1172 4029 relatumque
1191 3960 1395 4030 pecuniam,re·

334 4042 463 4113 intelligi,
481 4042 556 4112 cujus
567 4042 684 4095 celatum
700 4039 817 4111 effigiem
832 4058 845 4092 a
890 4037 965 4093 dicus
983 4039 1111 4110 integrum
1133 4038 1313 4111 intactamque
1325 4052 1392 4109 repc-

333 4120 483 4195 Pythagora
493 4121 615 4193 Rhegino
631 4120 772 4175 Puussnias
784 4138 846 4192 pro·
890 4120 935 4173 rit.
950 4120 1043 4175 lisan.
