2950 5000
438 422 593 501 m‘nan
618 425 826 501 xxxvii.
1098 430 1168 531 589

105 580 257 661 praterea
283 566 359 635 ritae
378 564 483 650 fama,
503 564 584 636 alias
603 565 753 659 principe
771 564 846 635 loeo
863 567 994 661 genitus
1014 566 1167 656 Athenis,

106 673 199 741 rebus
215 658 359 767 gestis⁴³,
373 672 517 740 exercitu
536 671 648 739 ducto.
665 672 728 740 Hic
747 670 833 739 ultra
851 672 980 739 Indiam
997 670 1069 740 fieri
1086 672 1168 743 dixit

105 803 123 845 e
139 777 292 871 lacrymis
311 775 548 871 meleagridum
570 778 681 844 avium
698 773 905 870 Meleagrum
914 763 939 809 ⁴⁴
964 777 1167 847 deflentium.

105 883 199 971 Quod
212 897 248 951 et
257 882 434 951 credidisse
447 908 540 968 eum,
551 880 603 951 vel
616 879 765 976 sperasse
778 880 847 951 aliis
858 882 1049 977 persuaderi
1059 908 1167 978 posse,
1190 926 1221 963 10

104 991 171 1081 quis
185 1013 254 1058 non
269 985 429 1057 miretur?
442 1012 584 1082 quamve
596 989 770 1082 pueritiam
785 1002 852 1057 tam
870 990 1055 1083 imperitam
1071 1015 1167 1084 posse

104 1095 255 1188 reperiri,
276 1120 352 1188 quae
370 1095 481 1161 avium
501 1092 650 1188 ploratus
669 1116 799 1163 annuos
812 1093 946 1179 credat,
965 1086 1168 1189 laerymasve

104 1214 166 1268 tam
181 1200 343 1293 grandes,
360 1223 535 1292 avesquee
550 1200 696 1281 Graecia,
709 1199 766 1266 ubi
781 1198 950 1293 Meleager
965 1203 1078 1295 periit,
1091 1201 1167 1296 plo-

104 1319 206 1373 tatum
220 1306 285 1374 isse
300 1306 335 1373 in
346 1302 471 1374 Indos?
482 1303 573 1393 Quid
587 1303 695 1399 ergo?
711 1328 780 1373 non
795 1305 900 1374 multa
913 1330 1004 1401 teque
1019 1306 1168 1377 fabulosa

104 1410 243 1505 produnt
264 1408 396 1506 poetae?
410 1409 474 1479 Sed
492 1410 558 1479 boc
572 1436 611 1479 ea
631 1412 666 1479 in
685 1435 740 1495 re,
760 1435 832 1505 quae
850 1411 997 1505 quotidie
1017 1413 1168 1483 invenia-

103 1503 180 1584 tur⁴⁵
197 1531 300 1610 atque
319 1516 486 1603 abundet,
508 1510 543 1585 'et
558 1516 624 1584 boe
647 1516 858 1585 mendacium
882 1531 1058 1612 coarguat,
1084 1520 1169 1588 serio

103 1646 298 1717 quemquam
314 1622 455 1706 dixisse,
475 1646 603 1690 summa
624 1621 796 1690 bominum
816 1624 1021 1717 contemptio
1045 1639 1112 1711 est,
1134 1639 1168 1693 et

103 1727 305 1797 intoleranda
323 1727 570 1797 mendaciorum
594 1729 797 1821 impunitas.¹

150 1825 232 1925 (nt.)
242 1836 384 1901 Certum
394 1818 566 1927 estgigni⁴⁶
574 1834 607 1900 in
617 1832 732 1902 insulis
747 1835 1022 1927 septemtrionalis
1030 1836 1167 1904 Oceani:
1189 1876 1217 1911 tt

103 1954 165 2009 eta
183 1934 543 2033 Germanisappellari
568 1937 710 2032 glessum
723 1926 748 1978 ⁴⁷
765 1965 772 2007 :
787 1925 930 2032 itaque⁴⁸
950 1954 983 2008 et
1000 1964 1020 2007 a
1043 1942 1165 2011 nostris

102 2068 196 2136 unam
211 2044 397 2114 insularum
413 2045 457 2113 ob
471 2044 505 2113 id
519 2043 719 2133 Glessariam
734 2043 952 2139 appellatam,
967 2047 1167 2117 Germanico

103 2152 226 2221 Casare
243 2151 292 2219 ibi
311 2150 469 2219 classibus
487 2173 558 2219 rem
575 2164 729 2243 gerente,
749 2151 956 2219 Austraviam
977 2174 996 2218 a
1017 2151 1167 2221 barbaris

103 2254 229 2327 dictam
253 2258 413 2328 Nascitur
433 2270 544 2324 autem
559 2253 724 2324 defluente
731 2242 757 2293 ⁴⁹
775 2254 918 2324 medulla
934 2258 1021 2351 pinei
1040 2260 1169 2352 generis

139 2480 184 2545 tt.
197 2481 281 2535 Rebas
292 2482 375 2550 gestis.
394 2478 468 2544 Quas
490 2496 506 2532 a
530 2476 611 2531 Soida
654 2478 725 2531 inter
736 2474 816 2540 vada,
826 2490 906 2550 atque
916 2475 943 2530 in
958 2476 1016 2549 ipso
1029 2478 1117 2536 littore
1130 2482 1168 2536 le·

103 2574 218 2615 aoemte
228 2560 371 2614 recensitas
385 2557 455 2611 vide.
467 2558 559 2611 [lano.
655 2569 738 2630 gunt,
754 2569 804 2611 ete.
819 2583 830 2605 ι
846 2557 937 2610 llattn.

140 2647 185 2705 44.
200 2640 354 2709 Meleagrum
363 2637 542 2710 deflentium
554 2655 611 2689 ma·
686 2639 744 2698 ⁴48.
756 2637 841 2709 Itaque
850 2649 875 2688 st
884 2657 900 2688 a
910 2641 1005 2690 nostris.
1021 2639 1170 2696 Aromania

104 2721 410 2789 treintsrlectumtquem
417 2735 500 2788 quom
508 2733 612 2769 sorores
654 2715 791 2768 militibus.
805 2717 845 2769 De
860 2717 997 2771 Glessariis
1009 2718 1101 2774 insulis
1113 2721 1169 2793 egi·

102 2800 154 2869 ejus
169 2797 319 2860 deflerent,
341 2795 454 2850 deorum
474 2796 611 2849 voluntate
654 2795 778 2848 niuslib.
792 2795 842 2860 IV,
856 2813 913 2868 cap.
933 2797 1080 2851 testimo.

104 2877 193 2931 inanes
199 2890 264 2931 sunt
275 2876 478 2946 transfiguratas,
487 2893 547 2946 quas
556 2893 613 2926 me«
697 2880 743 2944 49.
758 2875 877 2928 Nascitur
886 2887 965 2926 atatem
977 2876 1101 2946 desdaente,
1116 2891 1168 2933 etc.

102 2953 612 3027 leagridesvoeantur.Hyginoa,sabnla
655 2950 771 3024 begend.
790 2977 805 2998 ο
816 2954 939 3006 Nascitur
949 2966 1036 3007 autern
1049 2954 1170 3012 defluens

103 3053 204 3092 ctum.
217 3037 313 3089 Haeo.
655 3050 670 3084 e
682 3030 798 3084 medulla
812 3033 838 3084 in
854 3032 926 3102 pinei
945 3034 1048 3102 generis
1063 3037 1169 3090 arbori·

142 3116 187 3176 ts.
205 3117 273 3185 Quae
287 3113 393 3186 quotidie
411 3112 551 3165 banniatur.
568 3111 613 3164 sto
654 3111 719 3175 bus,
737 3122 769 3161 ttt
783 3111 887 3180 gumnd
900 3110 928 3163 in
944 3113 1038 3164 cerasis
1057 3133 1087 3169 ac
1103 3135 1169 3186 pru.

104 3191 203 3248 codices
220 3211 304 3247 mauu
321 3192 429 3246 exarati.
444 3193 521 3247 Prius
532 3187 613 3256 editi,
654 3190 709 3254 tals,
729 3201 780 3243 ete:
799 3214 810 3236 ι
828 3191 915 3244 Sam.
934 3221 974 3232 -
993 3191 1110 3245 Nascitur
1124 3215 1169 3246 att·

105 3274 233 3326 antam.
247 3271 340 3325 niun.
657 3281 715 3333 tem,
727 3283 777 3322 etc.
787 3271 818 3320 In
830 3269 952 3339 regione,
961 3287 1021 3340 qttss
1032 3274 1168 3327 succinum

140 3356 185 3416 tt.
196 3353 296 3405 Catum
303 3353 423 3420 eatgigm'.
432 3346 613 3403 ilectotidem
656 3349 755 3411 mittit,
768 3349 914 3401 resinileras
928 3348 1009 3402 nullae
1020 3364 1081 3405 sunt
1093 3355 1171 3406 arbo·

104 3433 187 3486 serbis
200 3429 339 3502 exscripsit
357 3430 478 3487 Solinus,
494 3446 553 3498 cap.
565 3447 613 3493 xx,
656 3445 705 3480 res.
715 3431 749 3480 m
756 3429 783 3483 in
791 3428 1042 3500 septentrionalium
1049 3430 1169 3485 littorum

104 3527 129 3577 p.
142 3520 184 3575 qo.
201 3511 295 3564 Haeo.
656 3519 745 3561 tractu
754 3505 892 3560 bituminis
901 3519 973 3560 cette
981 3510 1169 3579 genusflasusn

142 3584 614 3661 47.Appdlariglessmn.l‘orte,quod
657 3599 710 3649 est,
726 3599 758 3639 ut
768 3587 874 3658 nigrum
887 3585 960 3658 apud
973 3606 1022 3641 nos
1033 3587 1061 3640 in
1076 3593 1172 3644 Arver-

105 3670 268 3733 taansluceat,
279 3681 305 3721 et
312 3669 397 3722 niteat
405 3667 615 3736 utvitrtam,glas
658 3667 715 3732 nis,
725 3669 834 3739 ejusque
844 3666 962 3736 napbtba
977 3665 1054 3733 flava,
1065 3671 1170 3741 qualem

106 3763 119 3797 a
136 3747 277 3802 Germanis
291 3747 466 3820 appellatum.
485 3747 553 3799 Dar.
574 3774 615 3788 -
658 3739 833 3822 cSaxoiribus
843 3746 976 3810 afferunt,
987 3758 1012 3799 et
1024 3751 1171 3817 petroleum

108 3825 223 3880 Glaucea.
241 3827 367 3892 Tacitus,
379 3827 428 3880 lib.
448 3825 483 3879 de
496 3826 616 3879 moribus
659 3837 764 3891 vocant,
774 3836 805 3877 ut
813 3822 886 3896 apud
896 3843 945 3878 nos
953 3838 1018 3878 atra.
1030 3825 1119 3890 Quum
1132 3847 1172 3881 er·

105 3903 194 3960 Germ.
215 3925 275 3979 pag.
296 3908 350 3961 138
368 3928 374 3959 :
390 3929 401 3951 ι
416 3904 468 3960 Sed
490 3918 518 3958 et
541 3920 615 3958 mare
659 3923 695 3975 go
708 3904 781 3958 fonte
796 3921 844 3957 suo
861 3905 973 3958 scaturit
992 3905 1111 3960 bitumen
1126 3905 1172 3974 id,

106 3997 262 4049 mantus,
282 4004 312 4040 ac
326 3986 376 4038 soli
388 3984 509 4038 omnium
531 3985 617 4037 socci·
660 3985 742 4036 molle
767 3981 854 4036 adbuc
881 3997 907 4036 et
934 3982 1068 4055 liquidum
1095 3987 1173 4040 obvia

107 4079 184 4132 uam,
204 4065 278 4138 quod
296 4065 347 4138 ipsi
370 4067 483 4138 gleasnm
503 4075 617 4128 vocant,
663 4081 776 4135 quaque
787 4063 965 4134 amplectitur,
972 4064 1081 4130 retinet,
1092 4065 1176 4119 inclu-
