2950 5000
265 431 338 501 DE
356 433 570 502 PLUMBO
593 433 657 500 ET
680 431 893 503 STANNO.
1045 457 1110 530 ²7¹
1181 507 1185 520 ,
1247 437 1254 454 ’

90 549 209 604 muts·
218 568 278 605 auo
287 550 405 605 candido
418 565 464 606 aut
473 552 535 606 roso
545 574 552 606 a
571 569 766 625 nonnunquam
787 553 868 606 etiam
887 551 1015 608 fluoribus
1035 555 1117 618 albis,

91 636 151 701 bris,
162 651 202 692 aut
212 638 336 692 viridibus
344 639 513 696 admiscetur.
641 642 646 658 '

111 726 191 779 llambi
202 727 299 780 minora
313 728 441 781 nonnihil
453 727 556 802 argenti
571 727 627 782 lere
638 746 746 800 semper
766 728 903 794 coutinet;
918 741 944 782 et
957 729 1117 802 quibusdam

91 812 257 886 irrepentibus,
270 829 300 869 nt
314 816 342 869 in
356 818 456 888 Angliu
467 808 611 888 ¹provincia
629 835 689 888 que
703 819 832 886 Cardlgan
846 815 958 882 dicitur,
970 818 1118 890 plumbaria
1163 829 1167 838 “

89 918 132 954 tna
138 902 227 974 argenti
237 903 305 957 adeo
313 904 389 958 ferax
401 919 451 968 est,
462 919 493 958 ut
503 924 535 958 ex
545 905 654 958 minero
665 904 739 957 libris
753 904 859 958 dnobus
871 905 1005 971 millibus,
1015 907 1117 971 decem,

88 987 214 1056 qundecim,
225 1006 252 1045 et
261 1009 459 1064 nonuunquam
473 992 569 1063 viginti
584 991 688 1062 argenti
699 991 775 1045 libre
790 993 971 1046 extrahantur.
1088 1028 1093 1038 -

110 1075 179 1129 llares
186 1089 245 1129 sunt
253 1078 357 1149 plumbi
368 1079 475 1132 minem
488 1079 518 1130 in
530 1077 660 1149 Hispania
669 1117 676 1141 ,
686 1078 765 1131 ltalia
775 1118 782 1141 ,
792 1089 817 1132 et
827 1079 980 1134 Germania.
989 1082 1020 1134 Iu
1031 1081 1116 1136 Gallia

88 1178 162 1233 qaoque
170 1182 219 1216 non
229 1162 342 1229 desunt,
356 1163 404 1217 sed
413 1164 498 1218 exbis
506 1164 642 1218 metallum
652 1163 812 1218 difficillime
822 1167 976 1220 extrahitur.
987 1167 1120 1240 Frequen-

88 1247 141 1301 titre
148 1264 167 1303 et
180 1250 270 1304 diriter
284 1263 349 1304 sunt
360 1252 391 1305 in
401 1251 495 1323 Anglia
508 1251 615 1325 iodinoe.

111 1337 141 1390 ot
152 1342 250 1394 emmim
265 1343 347 1415 bajus
358 1343 458 1395 metalli
479 1341 573 1409 dotes,
591 1342 746 1396 Parscelsna
762 1343 830 1396 illud
844 1354 969 1414 quartam
984 1345 1122 1400 medicine

88 1425 199 1482 Qunam
211 1432 386 1503 nuncuparit.
407 1430 458 1484 Per
474 1450 502 1485 se
519 1431 671 1502 refrigerat,
688 1431 834 1497 incrassat,
849 1433 968 1504 repellit,
979 1435 1121 1497 absorbet,

88 1513 418 1574 ebsncmmacrimouiam
430 1516 573 1572 demulcet.
584 1519 731 1570 veneream
744 1517 881 1572 libidinem
895 1538 987 1574 arcere
996 1521 1123 1586 creditur,

87 1603 187 1674 ausim
205 1606 365 1677 phlogoaes,
387 1606 558 1678 partiumque
577 1605 803 1660 inflammationes
824 1624 1000 1680 compescere.
1019 1611 1121 1665 Verum

87 1689 148 1742 sesi·
156 1710 256 1762 prorsus
266 1692 406 1745 inimicum
419 1705 496 1746 estet
509 1693 628 1746 noxium.
640 1695 717 1754 Intus
733 1707 871 1766 sumptum
885 1697 1015 1749 stomachi
1033 1703 1122 1769 gravi·

88 1787 144 1830 nun
154 1797 205 1833 mm
220 1780 382 1834 torminibus
394 1779 460 1834 diris
473 1781 587 1846 invehit,
601 1782 692 1835 alvum
707 1793 733 1834 et
745 1780 848 1835 urinam
863 1784 1022 1854 supprimit,
1042 1805 1124 1838 mem·

88 1863 170 1920 boran
180 1882 319 1924 tremorem
332 1882 359 1922 et
380 1889 522 1942 spasmum
540 1871 652 1936 excitat,
669 1869 807 1923 difficilem
827 1871 1031 1943 respirationem
1047 1874 1126 1934 allent

87 1969 110 2005 tc
119 1956 203 2011 wlcan
214 1947 429 2013 sullocsttionem.
443 1958 524 2026 Quod
541 1959 650 2031 quidem
665 1978 680 2011 a
697 1958 915 2031 quamplurimis,
935 1961 1004 2014 tristi
1016 1962 1124 2034 quidem

87 2043 228 2112 opetum,
237 2049 444 2118 comprobatam
456 2047 521 2111 tuit,
538 2047 587 2119 qui
599 2065 682 2100 noxas
693 2045 863 2118 gravissimas
878 2059 904 2100 et
920 2065 989 2120 saepe
1003 2049 1125 2104 immedi-

77 2128 277 2206 ublnmrpessi
293 2148 356 2189 sunt
368 2155 385 2188 a
401 2147 467 2207 potu
487 2135 626 2200 vinorum,
638 2153 699 2206 qne
714 2133 832 2187 acidiora
852 2135 893 2188 rel
911 2138 1059 2192 acescentis
1076 2157 1125 2210 per

85 2216 226 2292 ἥψω
246 2223 395 2276 immissum
413 2222 531 2276 nefando
546 2221 695 2292 mangonio
709 2221 831 2276 edulcata
851 2221 968 2276 inerant.
981 2225 1125 2280 Plumbnm

87 2301 152 2377 ’ψ
162 2321 185 2361 et
194 2312 281 2365 omnia
292 2313 351 2384 ejus
361 2324 510 2383 preparata
524 2310 585 2364 usui
596 2311 687 2382 potina
700 2321 809 2364 externo
824 2327 906 2382 quam
924 2313 1027 2367 interno
1044 2313 1126 2370 denti·

87 2391 152 2446 neda
162 2413 211 2450 esse
221 2399 320 2470 procnl
333 2397 417 2450 dnbio
431 2413 579 2450 censemus.

113 2479 172 2535 later
181 2485 280 2557 plumbi
298 2497 447 2558 preparata
468 2482 632 2539 recensenda
653 2495 716 2537 sunt
737 2483 825 2555 primo
841 2502 873 2539 ea
886 2504 946 2557 que
965 2501 1126 2543 recrementa

88 2563 198 2635 limatam
210 2573 265 2625 cslx
274 2592 372 2644 nempe
387 2592 434 2625 seu
444 2572 526 2633 ciuis,
537 2571 667 2632 minium,
682 2569 860 2643 lithargyrns,
873 2572 1016 2644 plumbum
1027 2589 1127 2641 ustum,

88 2666 108 2706 tt
115 2672 203 2713 eemssa
212 2677 220 2713 ε
228 2660 327 2715 deinde
340 2660 472 2731 chymioe
481 2660 702 2731 praeparationes,
711 2676 771 2730 quae
781 2660 843 2713 usui
852 2660 957 2715 medico
967 2660 1128 2733 inserviunt,
1230 2726 1234 2733 ‚

87 2744 164 2800 ”litet
175 2763 272 2803 acetum
285 2748 405 2814 saturni,
415 2750 454 2802 sal
468 2767 515 2802 seu
527 2746 685 2801 nocherum
704 2747 821 2813 numni,
839 2748 1001 2817 batumum,
1015 2765 1040 2805 et
1060 2754 1129 2825 ejas·

87 2828 134 2884 ‘lem
142 2835 240 2905 spiritus
254 2838 350 2892 ardens
362 2856 394 2891 ec
405 2838 503 2891 oleum.

112 2921 175 2987 tab,
187 2926 226 2978 sel
236 2927 304 2981 cinis
316 2926 432 2998 plumbi,
447 2938 472 2979 et
489 2924 601 2977 minium
619 2923 657 2977 sic
672 2936 864 2996 praeparantur.
878 2925 1020 2979 Plumbum
1039 2926 1066 2979 in
1081 2948 1128 3001 ps-

86 3007 135 3060 tella
145 3020 222 3065 terres
236 3014 286 3067 lata
301 3032 356 3065 nnn
379 3013 504 3076 vitriata,
517 3029 600 3083 super
622 3011 750 3065 carbones
764 3010 909 3083 disposita,
928 3014 1058 3068 funditur.
1072 3016 1129 3069 Me-

86 3094 160 3149 tallum
171 3100 255 3154 insum
269 3101 375 3174 spatula
386 3101 475 3154 ferrea
491 3099 592 3153 tamdiu
608 3100 734 3171 agitetur,
743 3098 836 3153 donee
850 3113 933 3154 totum
947 3103 1022 3155 abeat
1033 3104 1060 3155 in
1070 3105 1131 3177 pul·
1149 3100 1152 3110 '

86 3197 157 3237 tecm
170 3188 321 3259 subnigram
338 3186 380 3240 vel
394 3189 545 3247 cinereum,
563 3186 610 3256 qui
629 3185 701 3249 calx,
714 3186 757 3239 vel
774 3187 841 3241 ciuis
854 3188 960 3260 plumbi
980 3188 1090 3244 dicitnr.
1102 3194 1128 3247 si

85 3271 148 3338 pulc
159 3272 254 3329 (lintius
266 3276 434 3328 continuetur
449 3273 532 3346 ignis,
545 3274 634 3346 pulvis
648 3273 733 3328 flavus
746 3274 846 3341 eradit,
856 3288 883 3328 et
894 3294 908 3327 a
920 3276 1065 3347 pictoribus
1075 3280 1130 3352 gal-

86 3354 128 3409 lico
141 3358 259 3416 idiomate
270 3366 386 3414 mmsieot
398 3374 578 3434 nuncapatur.
588 3360 711 3414 Tandem
724 3362 752 3414 iu
764 3363 844 3415 furno
862 3364 1006 3416 reverberii
1019 3366 1134 3419 calcina·

85 3451 118 3498 lu
127 3444 154 3499 bt
162 3449 411 3515 rubicundissima,
422 3463 449 3503 et
462 3449 491 3501 in
503 3448 619 3504 officinis
636 3449 751 3502 minium
766 3449 872 3503 dicitur.

112 3534 176 3599 (Cala
188 3551 234 3591 ant
242 3538 310 3591 einis
318 3537 438 3610 plumbi,
452 3536 556 3605 nonum,
570 3541 647 3589 vaide
656 3542 688 3590 de
693 3542 780 3606 plomb
787 3560 796 3598 ,-
813 3538 927 3591 minium
938 3576 946 3602 ,
957 3542 1043 3606 plomb
1056 3545 1131 3593 uelde

85 3639 156 3693 ιαμ,
165 3631 283 3680 moen
294 3631 324 3678 se
332 3631 434 3697 prome.)

112 3710 152 3765 fle
162 3715 259 3784 plumbi
270 3716 475 3786 praeparationes
491 3714 637 3771 humorum
650 3714 824 3768 acrimoniam
838 3712 1010 3780 obtundunt,
1027 3712 1132 3771 inllam-

86 3798 208 3855 artem
220 3802 313 3857 sedant
320 3842 327 3864 ,
335 3802 442 3856 bulcem
452 3802 566 3874 maligna
574 3802 724 3873 corrigunt,
739 3814 885 3875 expurgant
895 3814 922 3855 et
934 3800 970 3855 ad
980 3803 1131 3857 cicatricem

86 3883 181 3942 tems.
202 3890 476 3963 lliniumusnrpstur
495 3891 522 3942 in
542 3902 682 3963 unguento
700 3890 782 3943 rubro
803 3908 849 3943 seu
870 3888 905 3943 tle
918 3889 1017 3955 minio,
1036 3892 1064 3943 iu
1079 3911 1134 3945 em-

86 3972 170 4043 pltttro
179 3996 226 4048 pro
241 3978 366 4032 frammis
374 3980 406 4033 D.
419 3978 531 4043 cmm,
549 3977 577 4030 in
592 3978 731 4049 emplastro
744 3976 872 4049 emption,
886 3987 912 4029 et
923 3976 1065 4047 emplastro
1078 4000 1135 4033 ma·

87 4062 157 4117 u'csti
173 4068 317 4121 roborante
338 4063 462 4135 ejusdem.
