2950 5000
332 405 403 490 aod
604 405 644 473 C.
670 404 839 480 PLINII
864 401 970 474 NAT.
997 403 1125 472 HIST.

297 565 310 601 1
384 541 463 608 XX.
484 536 584 608 Nunc
599 553 806 608 revertemur
820 538 862 608 ad
873 537 1079 608 differentias
1089 535 1163 606 aen's
1180 550 1215 606 et
1230 537 1382 606 mixturas.

331 646 373 714 ln
387 645 512 739 Cyprio
526 646 737 714 coronarium
749 643 758 668 ¹
774 659 930 714 tenuatur
943 642 1145 712 inluminas:
1161 656 1385 736 taurorumque

331 749 406 820 felle
421 748 583 821 tinctum²
585 752 751 869 ,speciem
767 753 839 820 auri
857 753 891 820 in
906 751 1037 820 coronis
1052 749 1250 818 histrionum
1264 747 1385 843 probet.

330 856 519 977 Idemque
510 881 545 926 ιιι
566 859 681 926 uncias
703 855 822 926 additis
840 880 912 926 auru
905 851 1093 992 scrupulis
1114 856 1202 924 senis
1209 855 1387 948 p,raetenui

330 987 452 1056 pyropi
442 963 626 1031 bractea
617 947 784 1056 ignescitl
801 949 987 1092 Regulare⁴
1001 965 1035 1029 et
1050 963 1084 1028 in
1098 958 1169 1030 aliis
1183 909 1224 1028 fii
1241 957 1387 1042 metallis,

329 1069 477 1163 itemque
494 1066 685 1137 caldarium.
700 1053 916 1138 Differentia⁵
919 1119 929 1154 ‚
947 1067 1036 1161 quod
1054 1065 1237 1135 caldarium
1252 1064 1389 1138 finditur

330 1186 477 1256 tanturn,
495 1159 627 1244 malleis
651 1171 785 1267 fragile,
807 1174 927 1268 quibus
952 1171 1103 1267 regulare
1130 1171 1365 1270 obsequitur,
1348 1169 1387 1238 ab

330 1277 402 1348 aliis
417 1278 539 1350 ductile
557 1278 777 1408 appellatum,
790 1277 887 1374 quale
906 1303 1007 1348 omne
1022 1279 1183 1372 Cyprium
1202 1292 1260 1346 est
1280 1276 1340 1346 Sed
1359 1290 1390 1344 et

299 1384 367 1458 sin
387 1388 513 1456 caeteris
540 1371 710 1471 metallis⁶,
730 1409 811 1454 cura
838 1386 978 1454 distata
1002 1383 1164 1454 caldario.
1181 1386 1290 1453 Omne
1310 1382 1388 1451 enim

330 1493 480 1585 purgatis
499 1490 716 1584 diligentius
707 1493 776 1584 igni
797 1493 884 1560 vitiis
896 1492 1149 1583 ,excoctisque,
1171 1487 1318 1584 regulare
1336 1501 1389 1556 est.

330 1599 369 1664 ln
389 1596 522 1691 reliquis
547 1597 743 1691 generibus⁷
763 1596 872 1718 palma
892 1599 1075 1692 Campano.
1102 1594 1245 1663 Simile
1236 1619 1270 1662 ιιι
1291 1592 1390 1664 multis

329 1703 480 1834 partibus
496 1701 614 1788 Italiae,
636 1704 894 1798 provinciisque.
915 1701 980 1772 Sed
998 1716 1136 1771 octonas
1151 1699 1279 1796 plumbi
1300 1699 1390 1769 libras

331 1794 479 1876 addunt⁸
481 1823 538 1893 ‚et
556 1808 641 1877 bene
655 1808 858 1903 recoquunt⁹
871 1823 1009 1928 propter
1025 1809 1170 1901 inopiam
1186 1805 1274 1901 ligni.
1289 1809 1391 1894 Quan-

331 1927 402 1983 tum
420 1938 460 1983 ea
474 1939 527 1983 res
545 1914 742 1985 differentiae
759 1915 924 1996 afferat,
916 1939 949 1982 ιιι
967 1912 1075 1983 Gallia
1092 1915 1236 1981 maxime
1252 1913 1390 1994 sentitur,

331 2019 412 2087 ubi
403 2033 488 2088 inter
506 2019 631 2113 lapides
647 2021 859 2090 candefactos
875 2019 1033 2089 funditur.
1054 2023 1225 2090 Exurentc
1244 2019 1330 2088 enim
1347 2041 1391 2085 co

332 2138 428 2196 ctura
442 2131 575 2221 nigrum
594 2141 693 2220 atque
712 2125 829 2220 fragile
847 2125 1032 2196 conficitur.
1052 2127 1217 2194 Praeterea
1235 2122 1334 2194 semel
1352 2147 1391 2190 re

331 2247 498 2326 coquunt:
513 2232 603 2326 quod
616 2234 735 2326 saepius
751 2232 888 2314 fecisse,
911 2232 1049 2300 bonitati
1064 2230 1245 2324 plurimum
1263 2228 1390 2299 confert

329 2325 413 2424 (rx.)
431 2337 471 2406 ld
487 2361 619 2431 quoque
637 2351 770 2408 notasse
781 2337 805 2362 ¹⁰
819 2363 887 2406 non
904 2336 946 2405 ab
968 2361 1004 2424 re
1022 2351 1086 2424 est,
1102 2360 1145 2404 aes
1163 2361 1264 2405 omne
1280 2336 1391 2430 frigore

371 2522 433 2577 XX.
464 2542 490 2577 r.
516 2524 547 2576 In
572 2526 655 2595 cyprio
680 2527 842 2579 coronarium.
872 2522 964 2595 'quale
983 2521 1131 2577 caldarium
1147 2536 1196 2577 eat.
1209 2520 1328 2575 Isidorus
1344 2522 1391 2587 lp.

331 2600 396 2655 Hace
411 2600 523 2655 totidem
537 2603 626 2655 verbis
646 2602 743 2657 Isidor.
759 2604 843 2669 xvt,
886 2602 958 2655 Alibi
968 2621 1047 2674 quarn
1058 2602 1086 2655 in
1098 2601 1198 2655 orariis
1208 2602 1293 2674 Cypri
1305 2599 1391 2655 fodinis

333 2699 380 2749 ¹9·
409 2682 586 2740 Coronarium
619 2681 690 2735 Galli
724 2695 820 2736 vocant
833 2722 841 2749 ,
886 2682 945 2735 fleri
961 2700 1034 2735 nunc
1052 2681 1154 2735 Plinius
1172 2680 1307 2735 admouet.
1327 2680 1360 2733 Η.

329 2760 468 2831 cfr'rrquarrt,
485 2762 628 2814 mimorum
646 2762 751 2815 coronis
771 2760 845 2815 adbi·
929 2760 955 2815 5.
980 2762 1141 2829 Disserentur.
1167 2760 1294 2815 Totidem
1316 2759 1391 2813 rerbia

329 2838 388 2891 beri
413 2840 530 2894 solitum.
548 2839 659 2893 Sarotus
678 2839 713 2894 de
731 2840 843 2895 Numan.
886 2838 985 2895 isidor.
1000 2841 1051 2893 loc.
1063 2840 1110 2893 cit.
1124 2840 1218 2893 Haun.

329 2916 361 2971 P.
373 2920 415 2983 II,
434 2938 478 2988 17,
493 2939 552 2990 pag.
571 2926 634 2982 aad.
651 2922 743 2973 Ηιιιιι.
930 2924 953 2972 6.
973 2920 1062 2973 Sedet
1081 2924 1212 2971 incoeteria
1234 2919 1346 2971 metallr'r.
1363 2918 1390 2969 la

373 3017 398 3051 a.
416 3000 597 3070 Taurorumque
614 2999 673 3064 selle
689 3004 798 3052 tinctum.
817 2998 844 3051 A
887 2998 944 3054 aliis
958 3019 972 3053 a
985 3000 1076 3071 Cypro
1092 2996 1195 3053 fodinis
1205 2999 1315 3053 aerariis.
1328 2996 1359 3049 Η.
1386 3052 1393 3063 ,

331 3077 389 3130 ιοΙο
414 3078 476 3148 igne
501 3079 605 3131 trahere
630 3078 704 3131 hunc
724 3078 843 3132 colorem
928 3079 1125 3149 7.1arelu'quis
1144 3098 1207 3149 gene
1194 3078 1284 3132 eribus.
1305 3074 1388 3132 laidor

331 3158 444 3211 Sarotus
458 3169 609 3221 estauctor,
621 3158 638 3209 l.
651 3177 674 3213 o.
689 3176 717 3228 p.
731 3158 797 3211 12⁵.
809 3156 843 3209 Η.
886 3160 939 3211 loc.
952 3158 998 3211 eit.
1010 3157 1099 3210 Hann.

373 3235 398 3289 3.
422 3238 480 3289 Proe
481 3242 547 3289 tenui
558 3240 648 3309 pyropi
664 3237 785 3289 bractea'
776 3256 844 3306 agne·
928 3239 955 3291 8.
971 3236 1127 3290 Sedoctonas
1135 3236 1230 3306 plumbi
1244 3236 1287 3290 lib.
1301 3234 1388 3289 addant·

330 3320 384 3368 scit.
401 3316 461 3369 Hoc
473 3330 525 3380 est
545 3329 574 3368 ut
594 3314 712 3369 Isidorus
729 3316 845 3409 explicat
887 3316 930 3369 Ad
954 3330 1064 3369 centena
1089 3315 1191 3369 scilicet
1214 3316 1274 3369 reris
1298 3308 1389 3387 proflui

329 3394 382 3448 loc.
397 3396 472 3449 cit.-
488 3394 621 3448 Praetenui
643 3396 778 3449 bractea
770 3415 844 3467 igne·
886 3394 994 3468 pondo,
1009 3408 1038 3447 ut
1051 3414 1114 3447 mox
1128 3393 1242 3448 mcetnr
1255 3397 1342 3449 Ηιιιι.

275 3523 279 3527 .
330 3474 393 3539 ucat,
409 3474 568 3527 etrmrtatnr
583 3474 716 3535 flammas,
732 3474 845 3528 undeet
929 3495 1015 3545 9.e
977 3475 1044 3527 Bne
1031 3486 1201 3543 recoquunt.
1217 3468 1388 3529 Gremetll.

328 3572 465 3627 pyropum
477 3554 585 3607 dicitur.
603 3580 614 3602 ι
631 3552 717 3607 Graeci
728 3558 843 3625 πυρωπὸν
887 3568 946 3609 aitte
957 3552 1041 3607 Hard.
1054 3555 1105 3607 fene
1118 3573 1197 3624 recoq.
1207 3552 1261 3606 En.

332 3646 444 3699 vocant,
459 3632 533 3704 quod
553 3645 592 3685 est
611 3632 736 3703 adspectu
752 3635 843 3687 rutilo.
931 3654 973 3688 ro.
984 3634 1017 3685 Id
1024 3653 1116 3705 qnoque
1127 3645 1231 3697 notasse,
1242 3644 1292 3687 etc.
1303 3628 1387 3685 lisdem

330 3711 364 3765 Η.
377 3714 561 3784 —Pyropus,
574 3713 735 3784 [relinquant.
746 3715 830 3767 Baor.
885 3714 973 3767 verbis
988 3712 1085 3765 laidor.
1105 3712 1218 3765 locuit.
1239 3712 1283 3764 Ab
1297 3711 1336 3764 his
1347 3726 1386 3759 ro·

372 3798 399 3855 ιι.
421 3793 551 3861 flagitiare.
579 3791 661 3856 Quod
688 3792 716 3844 in
741 3793 844 3864 regulas
886 3793 962 3847 cibus
979 3792 1093 3845 Pliniani
1110 3790 1227 3845 editores
1243 3792 1334 3863 capitis
1345 3784 1387 3840 iai·

330 3868 451 3939 ducitur,
464 3870 536 3943 quod
551 3870 653 3923 malleis
666 3869 798 3937 tonditur,
813 3884 844 3925 ut
887 3873 954 3926 tium
974 3873 1075 3935 fecere,
1087 3871 1130 3925 cui
1144 3884 1172 3927 et
1190 3868 1316 3923 addidere
1332 3869 1386 3921 lem·

330 3947 430 4004 ductile
440 3950 540 4015 fiat,et
550 3951 770 4021 regulare:aicut
781 3970 844 4005 con·
889 3971 945 4017 ma,
968 3952 1124 4019 Diffirrentr'oe
1150 3954 1205 4003 oeris
1228 3964 1253 4001 et
1277 3953 1385 4005 mum.

230 4098 232 4102 y
331 4040 370 4080 tra
385 4029 479 4093 fusile,
495 4029 567 4103 quod
588 4042 691 4083 tautum
709 4029 842 4097 funditur,
887 4030 960 4102 quod
978 4032 1062 4084 multo
1083 4043 1143 4084 unte
1162 4030 1265 4102 praefigi
1283 4022 1385 4101 oportuit
