2950 5000
343 540 412 591 atu
611 524 650 591 C.
677 525 844 594 PLlNll
870 524 977 594 ΝΑΤ.
1004 523 1133 594 HlST.
1227 575 1231 586 .

341 655 460 725 deinde
481 655 644 743 lavantur,
663 671 700 726 ut
721 681 820 752 supra
830 642 855 743 ⁶,
875 655 918 726 ad
939 657 1073 728 eosdem
1092 682 1196 742 usus,
1215 672 1249 728 et
1269 657 1387 754 amplius

341 762 527 831 oduarium
541 786 681 832 carnosa
695 764 813 849 vitia⁷;
829 765 973 858 itemque
988 764 1090 851 sedis3
1111 778 1145 833 et
1160 768 1329 859 gravitates
1340 773 1397 832 au·¹

341 870 427 937 num
436 855 459 955 ⁸,
477 893 537 964 per
548 868 674 938 listulas
682 871 717 938 in
728 893 783 940 cas
791 870 872 939 llatu
884 870 1042 965 irnpulsa3
1055 885 1089 940 ct
1100 895 1182 940 uvas
1195 871 1287 960 oris⁹,
1301 871 1388 940 farina

341 973 486 1044 admota.
503 973 603 1044 Tollit
621 990 654 1045 ct
674 975 856 1046 tonsillas¹⁰
871 1000 947 1045 cum
964 976 1070 1046 melle.
1090 978 1142 1045 Fit
1157 991 1192 1045 et
1210 1002 1251 1046 ex
1268 975 1389 1047 candido

340 1104 405 1149 aare
428 1080 596 1175 squama¹¹
616 1081 716 1177 longe
745 1084 871 1177 Cypria
896 1082 1108 1152 inefficacior.
1133 1082 1205 1152 Nec
1226 1107 1292 1152 non
1314 1084 1390 1150 urina

339 1189 434 1280 pueri
449 1189 541 1282 prius
555 1202 725 1256 macerant
746 1187 878 1275 clauos,
891 1213 1070 1283 panesque.
1089 1186 1235 1276 Quidam
1253 1213 1329 1256 vero
1342 1213 1390 1256 cx·

340 1317 470 1362 cuasam
488 1316 658 1388 squamam
677 1308 809 1382 terunt,
827 1308 861 1363 et
877 1317 966 1388 »aqua
987 1293 1100 1388 pluvia
1121 1292 1243 1364 lavant.
1266 1298 1348 1364 Daut
1365 1307 1392 1362 et

338 1396 561 1494 hydropicis¹’
583 1423 656 1468 eam
677 1399 808 1471 duabus
832 1399 1000 1469 drachmis
1023 1401 1057 1468 iu
1081 1397 1180 1470 mulsi
1202 1401 1344 1485 hemina,
1365 1414 1392 1468 et

338 1501 473 1575 illinunt
488 1529 565 1575 cum
582 1504 717 1600 polline.

337 1637 472 1709 imperiti,
495 1653 563 1708 quos
578 1654 608 1691 ea
629 1655 678 1709 per
694 1655 751 1690 sese
764 1637 852 1692 oculi·
940 1655 984 1691 rr.
1004 1635 1049 1690 Fr't
1062 1648 1088 1689 et
1101 1655 1131 1690 ea
1151 1635 1256 1690 canum
1273 1653 1319 1689 ιη
1332 1655 1393 1708 squa-

340 1717 530 1788 cereparfnit.
548 1715 639 1770 Haan.
897 1735 954 1776 ma,
980 1729 1031 1771 etc.
1056 1717 1230 1771 curationem
1256 1717 1317 1769 buic
1341 1716 1395 1768 loco

379 1798 405 1849 6.
429 1796 464 1849 Ut
483 1815 566 1867 supra.
586 1796 625 1849 Ut
640 1795 675 1850 de
694 1794 796 1849 cadmia
811 1794 853 1849 di·
892 1795 1396 1866 adhibuimusmumopecodicialleps,

339 1889 414 1930 ctum
430 1887 469 1929 eat
483 1894 543 1946 cap.
560 1894 610 1941 πη
624 1874 658 1930 de
672 1877 776 1948 Cyprio
787 1893 853 1942 aare,
880 1889 924 1929 ct
936 1875 1017 1930 Colb.
1032 1877 1060 1941 3,
1071 1876 1099 1929 iu
1111 1877 1212 1948 quibus
1225 1877 1293 1938 boc,
1304 1876 1338 1928 uti
1351 1873 1399 1927 cdi·

339 1975 400 2028 cap.
417 1957 469 2016 23,
487 1966 514 2008 et
532 1953 567 2009 ad
588 1953 714 2021 eosdem
735 1954 769 2009 ad
787 1973 854 2028 quos
896 1954 1001 2020 dimus,
1014 1955 1126 2009 totidem
1143 1956 1251 2026 syllabis
1267 1957 1395 2027 leguntur:

341 2037 386 2089 illa
393 2039 481 2089 valere
492 2034 594 2088 dictum
603 2047 652 2099 est,
660 2052 731 2088 usus.
743 2035 833 2088 llaau.
898 2047 954 2088 tum
974 2037 1057 2105 ipsius
1076 2034 1242 2088 Dioscuridis
1258 2033 1397 2096 admonitu,

356 2168 360 2176 ,
382 2116 563 2186 7.Adnarium
573 2134 675 2168 carnosa
684 2119 756 2169 vitia.
765 2115 852 2168 Diosc.
875 2124 877 2126 ’
898 2113 934 2167 ita
951 2115 1089 2168 scribentis
1100 2117 1135 2178 V,
1150 2117 1205 2183 89:
1217 2110 1360 2170 omtsttt
1374 2115 1396 2165 u

341 2192 378 2259 V,
391 2197 443 2250 88:
458 2185 563 2253 Ιῖιιτήκιι
574 2191 603 2249 dl
614 2195 655 2248 sul
666 2193 699 2247 sla
712 2197 735 2246 ἰν
747 2201 853 2266 μυκτῆρι
897 2199 939 2247 τοῦ
951 2201 1042 2262 χαλκοῦ
1055 2201 1139 2248 trueco
1149 2234 1156 2261 ,
1166 2198 1246 2252 tarra-l
1256 2193 1297 2246 sul
1308 2195 1396 2250 ἀσθενὴς

341 2295 366 2327 σι
380 2275 536 2346 σαρκῶματα
551 2274 592 2327 καὶ
612 2269 766 2339 δακτυλίων,
791 2275 855 2327 «sb-
896 2270 1396 2342 bsdpqouoclibribacteuusfemediu'

341 2354 423 2408 sumit
438 2356 546 2407 narium
562 2373 671 2407 carnosa
686 2354 855 2417 ritia5item·
897 2354 1029 2406 contraria
1056 2355 1199 2420 sententia,
1224 2354 1315 2426 Cypria
1338 2353 1398 2421 tom

340 2449 395 2506 que
414 2432 493 2487 sedis.
511 2460 523 2481 ι
552 2435 676 2505 Σάρκωμα
695 2433 854 2499 carnositas,
897 2429 1031 2503 efficacior,
1053 2451 1109 2504 prae
1132 2451 1159 2486 se
1180 2433 1271 2486 luunt
1287 2449 1296 2485 ε
1312 2444 1399 2505 proter

341 2514 429 2567 manis
450 2526 547 2586 practer
566 2525 688 2568 naturam
708 2516 855 2567 incremen·
897 2512 1064 2566 Parmensem
1089 2512 1249 2578 editionem,
1266 2532 1325 2585 quas
1344 2530 1397 2565 mur

343 2596 460 2647 tum.1n
477 2594 518 2647 bis
537 2594 630 2666 utique
645 2593 718 2673 yitiis
736 2592 854 2663 primurn
897 2591 1003 2664 scriptis
1022 2590 1156 2645 codicibus
1177 2594 1257 2664 plane
1277 2592 1397 2663 congr-uit

253 2729 259 2740 ,
342 2672 465 2726 obtinent
478 2674 572 2746 polypi
588 2674 676 2726 locum
689 2691 696 2726 ε
710 2670 744 2725 de
757 2672 855 2744 quibus
897 2672 980 2725 Paulo
996 2683 1070 2744 post,
1084 2672 1129 2724 ubi
1146 2690 1179 2725 ex
1197 2671 1400 2725 eorumdemoo·

340 2752 447 2807 Tbeod.
466 2753 613 2807 Priscianus
630 2753 668 2806 ita
681 2753 855 2824 pronuntiat,
896 2749 986 2804 dicum
1002 2750 1056 2805 lide
1065 2749 1111 2805 cdi
1122 2752 1290 2805 curavimus:
1304 2777 1315 2799 ·
1327 2752 1400 2820 Oeys·

224 2826 238 2933 ’θ
343 2834 369 2897 Ι,
388 2850 438 2885 11:
453 2858 464 2880 ι
476 2830 587 2905 Polypis
599 2832 780 2885 eminentibus
796 2832 855 2885 aris
896 2831 962 2884 sime
982 2848 1046 2884 veru
1060 2830 1189 2901 contingit
1204 2832 1397 2885 coronariorum

342 2910 452 2978 florem,
481 2925 508 2967 et
532 2910 683 2984 sinopidem
714 2930 746 2964 ex
776 2928 854 2981 aequo
896 2910 1078 2963 recisamentis
1093 2911 1121 2963 iu
1141 2924 1246 2964 acetum
1262 2909 1396 2964 additis:-

342 2992 496 3057 combures,
506 3005 532 3046 et
543 3010 574 3045 ex
586 3010 619 3045 co
629 2991 742 3063 pulvere
752 2991 855 3043 sanabis
897 2990 956 3061 typi
968 2990 1083 3053 habent,
1095 3014 1106 3038 ι
1120 2990 1253 3061 ocyssime
1266 3010 1332 3045 vero
1344 3006 1400 3043 cou-

342 3074 410 3126 loca.
424 3098 436 3120 ι
449 3072 542 3125 Hanc.
896 3070 977 3122 tralrit
995 3070 1164 3125 coronarium
1183 3070 1344 3141 aeruginem,
1363 3086 1399 3121 rs·

383 3153 409 3204 8.
426 3154 464 3205 Ee
481 3154 614 3222 puritates
636 3152 741 3202 aurium.
762 3148 852 3203 Dicae.
895 3149 1059 3214 tisamenus,
1072 3160 1218 3221 elonque
1231 3168 1286 3202 nou
1297 3152 1400 3221 scripto

343 3232 455 3287 totidem
474 3232 560 3284 verbis
572 3230 624 3283 loc.
642 3230 686 3283 cit.
702 3228 793 3281 Hauu.
895 3228 944 3287 ris,
959 3228 1005 3283 sed
1022 3228 1210 3299 interpolantis
1223 3248 1335 3283 manum
1351 3242 1400 3300 sty-

384 3332 410 3381 9.
432 3313 470 3365 Et
482 3331 539 3363 uvas
554 3315 610 3363 oris.
629 3310 716 3375 Quam
733 3320 760 3361 ct
778 3308 852 3361 colu·
895 3308 1004 3381 lumque
1017 3308 1156 3379 recipiunt.
1172 3308 1262 3362 Hono.

342 3392 447 3445 mellum
464 3402 569 3444 vocant.
586 3388 631 3443 Sic
643 3390 710 3460 Reg.
731 3408 756 3442 a.
776 3388 853 3441 Prius
938 3406 980 3441 ra.
992 3388 1246 3459 Dantetlsydmpieis.
1257 3386 1400 3443 Bibendam

341 3484 368 3523 et
379 3473 474 3543 lutura
489 3474 539 3523 oris
549 3470 694 3539 legebatur.
709 3467 748 3522 At
761 3468 851 3521 Diosc.
894 3466 993 3521 scilicet
1003 3486 1034 3522 ac
1048 3480 1175 3539 praeterea
1189 3467 1305 3520 illinunt.
1319 3468 1399 3521 Scrib

341 3551 391 3606 loc.
409 3552 453 3607 cit.
468 3545 604 3604 erstdl
619 3548 662 3601 καὶ
675 3542 795 3608 sisuldus.
806 3548 852 3601 Vi·
894 3546 1198 3618 Larg.Cnmp.cxxxttt:
1210 3545 1401 3619 «Adhydropb

342 3629 383 3684 dit
393 3630 447 3685 boc
464 3642 490 3683 et
503 3630 640 3683 Pintianus
653 3628 681 3679 iu
690 3646 738 3679 suo
747 3624 855 3703 codice..
893 3644 1037 3698 conquam
1044 3630 1097 3699 jam
1110 3626 1216 3680 distenti
1225 3639 1400 3700 suntproptcr

340 3710 462 3764 Farinam
487 3728 584 3781 porro,
608 3724 669 3777 quc
694 3706 738 3759 hic
759 3704 851 3759 admo·
893 3722 968 3775 aqua
984 3704 1330 3778 multitudinemmquamn
1339 3706 1401 3770 uris,

340 3788 427 3842 venda
437 3788 544 3850 dicitur,
555 3804 691 3859 squamam
699 3785 781 3857 ipsam
792 3784 850 3839 teria
894 3804 973 3856 quam
983 3781 1076 3839 λεπίδα
1091 3785 1176 3839 Gracci
1191 3797 1303 3851 vocant,
1315 3784 1400 3859 pondo

338 3882 366 3923 et
379 3869 472 3923 florem
487 3868 611 3938 intellige.
626 3866 670 3921 sic
679 3876 705 3917 et
716 3864 848 3931 chalcitis,
892 3864 1041 3929 victoriati,
1063 3863 1124 3917 data
1141 3882 1203 3918 cum
1225 3866 1280 3937 apii
1300 3866 1400 3919 seminis

338 3966 398 4021 cap.
415 3968 449 4020 ²9
460 3988 468 4015 ,
481 3949 565 4002 farina
579 3964 624 3999 sua
639 3944 757 3999 tonsillas
772 3962 847 3997 com·
892 3944 948 4015 pari
959 3943 1079 4015 pondere
1090 3961 1122 3997 ex
1133 3962 1200 4017 aqua
1208 3946 1296 3999 mulso
1304 3946 1398 4017 cyathis

336 4028 428 4098 peseit.
443 4026 531 4082 Hann.
891 4036 1028 4095 quatuor:
1052 4024 1200 4095 plurimum
1221 4038 1312 4078 autem
1330 4044 1399 4097 aqua

379 4126 422 4161 ro.
443 4108 521 4161 Tollit
539 4120 564 4158 et
581 4106 697 4159 tonsillas.
722 4102 844 4157 Dioscor.
890 4102 989 4175 dejicit.
1007 4129 1017 4150 ι
1035 4104 1114 4157 Η.-
1126 4104 1251 4174 Squama
1262 4105 1323 4158 teria
1334 4102 1399 4179 apud

332 4189 387 4241 loc.
400 4188 446 4241 cit.
458 4186 549 4241 Haso.
890 4202 939 4237 nos
961 4200 1038 4248 usus,
1058 4182 1104 4236 sed
1125 4196 1220 4238 cautus
1242 4182 1399 4249 admodum,
