2950 5000
451 443 836 557 crnnnxxxvu.
1109 444 1179 544 567

125 572 213 643 lubro
224 573 247 661 ⁷,
267 598 375 643 cornu
396 598 499 643 aureo
517 576 660 670 Augusti
677 562 789 647 dono⁸
811 575 989 663 inclusam,
1011 593 1045 649 et
1064 584 1180 651 novis·

123 680 235 749 εἰωιιω
252 705 357 775 prope
377 678 487 751 locum
510 694 562 749 tot
580 681 741 775 pralatis⁹
762 683 977 753 obtinentem.

172 788 232 855 Ill.
251 790 332 857 Post
353 786 443 855 hunc
461 786 598 856 anulum
613 789 704 882 regia
726 789 814 858 sama
833 804 883 859 est
904 815 1042 885 gemmae
1064 793 1181 887 Pyrrhi
1204 820 1214 855 ι

121 889 230 978 illius',
247 894 306 987 qui
324 890 483 962 adversus
499 895 669 963 Romanos
682 893 807 963 bellum
824 898 933 989 gessit.
954 894 1106 992 Namque
1124 899 1181 967 ha·
1216 938 1222 955 ·

121 996 223 1067 buisse
240 998 384 1067 traditur
403 996 575 1085 achaten²,
594 1001 628 1068 in
647 1024 716 1093 qua
733 1024 856 1069 novem
878 1002 985 1071 Musae
1006 1016 1040 1071 et
1061 1005 1183 1099 Apollo

121 1103 275 1175 citharam
297 1118 414 1175 tenens
439 1118 680 1197 spectarentur,
701 1132 770 1175 uon
790 1121 878 1191 arte,
902 1107 958 1177 sed
981 1124 1099 1203 sponte
1122 1134 1183 1179 na-

119 1223 198 1279 turae
210 1212 254 1278 ita
272 1208 533 1280 discurrentibus
546 1210 704 1298 maculis,
722 1226 760 1280 ut
774 1214 879 1283 Musis
893 1236 1026 1307 quoque
1045 1216 1182 1311 siugulis

119 1314 332 1385 redderentur
351 1302 521 1409 insignia³.
557 1317 629 1385 Nec
658 1317 778 1386 deinde
800 1317 880 1403 alia,
903 1343 978 1413 quae
1010 1321 1182 1407 tradatur,

118 1444 317 1516 magnopere
345 1446 552 1516 gemmarum
581 1419 714 1493 claritas
746 1439 852 1494 exstat
881 1425 972 1520 apud
1004 1442 1180 1498 auctores:

153 1642 180 1692 7.
199 1625 231 1676 In
250 1622 395 1675 Coacotdr'ae
416 1622 523 1675 delabro.
544 1620 627 1675 Urbis
666 1636 803 1686 nostrum,
832 1622 867 1678 de
898 1624 1002 1681 Mundo
1028 1628 1180 1683 subterrari.

116 1702 221 1772 regione
236 1702 448 1756 commilito.
465 1732 506 1743 -—
520 1703 624 1755 Erotes.
666 1702 713 1755 lib.
730 1703 815 1765 VIII,
831 1722 890 1774 cap.
910 1724 935 1757 r.
950 1704 1042 1759 Hasn.

117 1782 327 1853 pnpositionern
341 1780 421 1835 delet.
438 1782 490 1835 Eo.
626 1828 629 1832 ,
707 1782 734 1835 3.
758 1783 793 1834 Ut
805 1783 885 1835 Musis
899 1802 992 1856 qaoque
1009 1787 1112 1857 singulis
1128 1788 1181 1840 red·

154 1865 181 1915 8.
190 1860 379 1932 Aagmtr'dono.
386 1861 431 1914 Sic
437 1860 513 1914 MSS.
521 1878 625 1924 omnes,
665 1860 779 1914 donatur
791 1866 906 1933 imr'gm'a.
921 1864 1058 1919 Musarum
1069 1866 1182 1938 insignia

116 1958 166 1993 aon
187 1943 324 2011 Augautoe,
339 1953 371 1993 nt
384 1938 467 2005 editi,
481 1939 555 2012 quod
574 1942 626 1993 hoc
665 1959 699 1993 ex
714 1954 804 1993 vetere
815 1944 904 1995 tabula
915 1944 1063 1998 recitantur·
1078 1946 1106 1997 in
1121 1965 1182 1999 mn-

114 2019 171 2073 loco
185 2021 328 2073 absonum
341 2022 432 2073 Hsuu.
665 2038 711 2072 seo
728 2020 876 2091 Cospiano,
897 2040 958 2095 pag.
981 2024 1045 2087 450.
1061 2024 1182 2094 Calliope

151 2118 179 2170 9.
190 2100 364 2170 Totprselatis.
371 2099 463 2164 Quum
470 2098 562 2153 totalii
571 2098 625 2170 ipsi
664 2098 799 2169 alphabeti
819 2101 949 2154 elementa
965 2116 1079 2172 quatuor
1099 2116 1125 2157 et
1143 2106 1182 2157 vi-

114 2178 298 2249 prelerantur.
311 2179 404 2231 flauo.
663 2178 730 2248 giuti
745 2178 850 2249 depicta
864 2181 932 2251 gerit
942 2182 969 2233 iu
985 2184 1097 2236 tabella:
1112 2202 1182 2254 qno·

149 2259 200 2312 111.
218 2277 248 2313 1.
266 2259 357 2329 Pyrrhi
375 2258 450 2309 illius.
468 2256 626 2327 RegiaEpi·
664 2258 736 2310 niam
750 2259 826 2312 libris
839 2259 951 2313 totidem
968 2260 1081 2314 heroum
1097 2263 1182 2329 lacta,

113 2350 248 2400 rotarum,
265 2337 311 2408 qni
323 2337 425 2390 bellum
433 2335 559 2389 adversus
572 2339 625 2389 llo·
664 2348 697 2388 ut
705 2336 822 2391 Achillis
832 2352 858 2391 et
869 2340 973 2413 Ulyssis
983 2341 1179 2396 contineantur.

114 2416 625 2487 manosdecenniototoproTarentinis
664 2417 799 2471 Ausonius
822 2416 903 2488 idyll.
933 2438 966 2471 so
988 2436 996 2472 :
1021 2444 1033 2467 ι
1054 2421 1181 2477 Carmina

34 2490 39 2506 '
113 2497 206 2568 gessit,
224 2509 287 2550 ante
300 2496 431 2550 Punicum
443 2495 571 2567 primurn.
587 2494 624 2550 ll.
665 2496 788 2568 Calliope
808 2496 885 2551 libris
903 2499 1010 2553 heroica
1032 2499 1176 2556 mandat..

114 2575 387 2649 -Pyrrbnsbellum
398 2575 524 2628 adversus
531 2577 625 2628 lloma·
664 2576 725 2630 Clio
742 2590 802 2630 ante
822 2576 904 2647 pedes
923 2579 1040 2649 abjectos
1055 2580 1181 2635 historin·

112 2675 158 2710 nos
170 2655 253 2728 gessit
265 2674 338 2709 anno
349 2657 384 2709 U.
401 2657 433 2708 C.
450 2659 516 2724 474.
531 2656 585 2709 En.
663 2673 725 2709 rom
738 2657 823 2710 libros
833 2658 914 2711 habet
927 2675 934 2710 :
948 2683 959 2706 ι
976 2659 1037 2712 Clio
1049 2673 1121 2730 gesta
1137 2681 1179 2715 ca-

149 2756 177 2790 s.
189 2737 305 2808 Namque
314 2736 424 2788 utana
437 2734 625 2787 rmditoraeha·
663 2753 730 2788 nens
747 2738 883 2790 transactis
904 2749 1024 2809 tempora
1046 2738 1143 2794 reddit.
1164 2753 1188 2788 ι·

112 2826 157 2870 toa.
171 2817 281 2869 Solium
292 2814 386 2868 iisdem
397 2813 501 2878 verbis,
519 2833 580 2884 cap.
596 2833 624 2879 v,
664 2815 748 2867 Erato
764 2815 821 2885 lyra
838 2815 928 2869 canit:
942 2839 953 2860 ι
967 2817 1070 2871 Plectra
1085 2839 1180 2889 gerens

110 2913 167 2966 pag.
180 2912 233 2959 213
245 2893 419 2957 blarbodeus,
429 2894 476 2948 lib.
486 2891 521 2946 de
527 2891 623 2964 Lapid.
663 2895 745 2947 Erato
755 2895 829 2948 saltat
838 2894 916 2965 pede,
927 2897 1056 2962 carmine,
1065 2901 1151 2954 vultu.
1163 2925 1174 2948 ·

110 2987 177 3045 pret.
191 2993 253 3044 cap.
269 2993 300 3040 a,
313 2973 361 3026 iol.
375 2991 425 3038 ιο,
435 2985 463 3026 et
474 2971 529 3025 alii.
544 2973 625 3025 simi·
663 2973 757 3026 Thalia
768 2973 796 3026 in
806 2972 930 3027 viridanti
939 2975 1001 3028 laco
1007 2979 1177 3034 obambulat:

109 3046 160 3108 leui
172 3055 304 3118 achaten,
314 3053 343 3105 in
353 3070 408 3123 quo
418 3053 519 3106 Christi
529 3051 624 3105 Domi·
666 3079 677 3102 ι
690 3052 801 3106 Comica
821 3053 918 3107 lascivo
940 3053 1038 3125 gaudet
1056 3075 1180 3112 sermone

109 3134 136 3186 ai
149 3133 365 3190 nomcnaliabre
383 3131 546 3185 delineatum
565 3149 624 3184 cer·
663 3133 796 3186 Thalia.»
812 3133 1179 3206 Melpomenelibrumaper-
1235 3185 1239 3192 .

108 3226 198 3278 maor,
210 3222 328 3267 cesenat
337 3211 556 3283 gazophylacium
569 3212 625 3264 An·
663 3225 721 3265 tum
745 3230 824 3265 manu
845 3223 955 3282 gestat:
975 3235 986 3258 ι
1006 3214 1177 3286 Melpomene

108 3295 175 3362 gusti
182 3295 365 3345 Romanorum
372 3286 549 3362 imperatoris,
559 3302 624 3344 teste
663 3279 764 3363 trogi&
781 3293 928 3363 proclamat
946 3305 1037 3347 mosta
1057 3295 1148 3350 boatu.
1162 3323 1175 3344 ι

109 3372 270 3436 Lambeoio,
281 3369 317 3424 de
330 3371 399 3423 Bibl.
419 3371 516 3424 Cacsar.
528 3370 577 3422 lib.
592 3371 621 3437 l,
662 3371 856 3442 Terpsichore,
871 3371 1000 3434 citharam
1020 3391 1027 3425 a
1044 3399 1055 3420 ι
1070 3375 1179 3447 Terpsi-

109 3449 155 3506 tot.
177 3452 227 3517 ab,
242 3446 258 3512 S
281 3469 327 3520 ²7·
348 3450 454 3514 Alium,
473 3451 503 3502 in
520 3467 576 3520 quo
590 3450 622 3502 B.
663 3451 744 3504 chore
758 3451 869 3505 allectus
882 3452 990 3506 citharis
1005 3466 1112 3517 movet,
1127 3455 1177 3507 im·

109 3530 230 3603 Virginis
249 3547 312 3583 cum
330 3547 415 3601 puero
427 3529 492 3582 Jesn
506 3527 621 3600 efligies,
661 3543 752 3600 perat,
767 3543 854 3601 auget.
869 3555 880 3576 ι
897 3531 1176 3603 Euterpe,flstulam:

108 3623 201 3680 sponte
210 3622 313 3664 natura
320 3607 425 3681 depicta
433 3621 500 3661 esset
509 3647 516 3670 ‚
525 3606 622 3662 vidisse
663 3631 674 3653 ι
685 3610 859 3682 Dulciloquos
870 3612 985 3664 calamos
999 3613 1117 3682 Euterpe
1130 3612 1177 3666 fla-

107 3706 136 3741 sc
157 3687 347 3743 hidrovsudns
364 3688 417 3754 ait,
435 3687 472 3740 ds
490 3688 621 3752 Metallis,
664 3689 736 3742 tibus
748 3702 835 3761 urget.
850 3715 861 3737 ·
877 3690 1073 3761 Polyhymnia,
1087 3689 1177 3764 dupli-

107 3767 215 3834 lib.1V,
228 3785 288 3839 cap.
303 3768 352 3837 73,
365 3785 428 3838 pag.
441 3783 503 3837 107.
513 3767 621 3820 Videat
664 3785 722 3820 cem
734 3769 878 3822 citharam:
893 3795 904 3816 ι
916 3770 1008 3839 Signat
1018 3783 1113 3824 cuncta
1122 3790 1178 3824 ma-

108 3847 350 3912 Pancirelnm,lib.
363 3850 464 3900 Rerum
473 3846 618 3899 memorab.
663 3865 716 3911 uu,
729 3849 849 3921 loquitur
867 3849 1044 3920 Polyhymnia
1063 3862 1149 3920 gestu.
1164 3879 1175 3899 .

109 3926 150 3978 tlt.
162 3931 214 3993 re,
224 3945 253 3996 p.
267 3928 323 3990 43,
337 3927 518 3997 etscriptorcs
530 3926 620 3996 Ephe·
664 3927 780 3992 Urania,
798 3927 944 3999 spirarum,
967 3929 1151 4000 circinumque
1169 3949 1176 3984 ε

108 4005 203 4060 merid.
214 4005 309 4061 Germ.
319 4019 385 4059 tom.
395 4006 422 4069 1,
432 4005 544 4060 Observ.
556 4003 622 4070 1⁵6,
668 4032 679 4054 ι
693 4007 795 4060 Uranie
812 4007 869 4061 coli
886 4020 975 4061 motus
992 4022 1131 4068 scrutatur,
1153 4023 1179 4062 et

108 4103 165 4156 pag.
186 4085 255 4152 336,
275 4098 303 4140 et
323 4086 485 4141 Kircbcrnm
499 4083 621 4156 deniqne
664 4097 741 4139 astra.
757 4113 768 4135 ι
785 4087 877 4140 Hann.

961 4195 963 4198 ’
996 4181 1059 4253 364
