2950 5000
311 424 382 521 590
586 427 625 495 c.
650 424 819 495 numu
844 424 950 491 nur.
976 424 1108 493 rust.

310 558 502 644 arboribus,
527 571 567 625 ut
588 558 715 651 gummi
735 558 768 625 in
792 555 930 641 cerasis,
948 555 1056 623 resina
1077 539 1205 650 pinis⁵‘.
1228 554 1371 650 limmpit

308 665 460 734 humoris
484 663 687 733 abundantia
698 648 747 729 ⁵¹:
771 662 929 731 densatur
956 662 1065 756 rigore
1088 660 1141 730 vel
1175 676 1284 756 tepore
1320 687 1371 731 au·

310 756 494 839 tumnali⁵².
506 771 621 858 Quum
631 752 983 839 intumescens⁵³aestus
991 768 1103 861 rapuit
1115 792 1155 835 ex
1168 767 1286 852 insulis,
1292 781 1372 837 certe

310 878 344 945 in
366 875 478 946 littora
499 874 685 971 expellitur,
706 876 751 943 ita
772 872 934 958 volubile,
959 886 997 943 ut
1016 872 1162 967 pendere
1174 860 1199 905 ⁵⁴
1222 873 1371 951 videntur,

311 1125 361 1179 dit.
373 1126 470 1181 Fluctu
481 1143 546 1179 seco
558 1125 689 1177 lambente
702 1122 730 1176 in
743 1123 826 1175 sltuna
871 1121 1015 1175 Succiunm
1040 1141 1055 1175 e
1080 1134 1246 1177 octaceoruur
1270 1125 1373 1196 piscium

310 1207 498 1277 provolutum,
527 1205 608 1258 maris
636 1202 768 1272 vertigine
797 1220 827 1257 ac
871 1214 1002 1273 spermate
1021 1201 1097 1266 lieri,
1116 1204 1302 1257 recentioribus
1320 1205 1373 1275 qni·

312 1286 453 1356 salsugine,
463 1284 644 1357 temporisque
652 1280 827 1335 diuturnitate
871 1278 984 1334 busdam
1009 1282 1220 1352 negotiatoribus
1239 1286 1375 1337 Sarmaticis

311 1362 437 1428 durescit,
446 1360 827 1435 utapudnospissaspbaltum,
871 1357 986 1415 credidit
1015 1359 1158 1427 Alciatus,
1186 1363 1288 1434 Parerg.
1314 1364 1373 1435 juris

310 1456 338 1497 et
351 1446 406 1514 jum
426 1458 483 1496 tum
505 1444 645 1496 succinum
665 1454 722 1504 est,
736 1441 828 1511 sicque
871 1441 918 1494 lib.
929 1440 1000 1503 vll,
1015 1451 1078 1493 tom.
1089 1440 1140 1505 VI,
1155 1460 1213 1512 cap.
1227 1448 1254 1506 4,
1265 1443 1373 1495 inlabi.

310 1524 502 1577 conmutumin
510 1523 600 1575 littora
608 1519 826 1592 ejusscaturigiui
872 1516 1374 1591 Consuledehocsrgumentobistorian

311 1602 434 1673 opposita
459 1600 576 1656 adversis
603 1602 690 1661 ventis
712 1599 826 1669 ejicitur.
871 1598 1020 1651 Academias
1029 1598 1117 1668 Regin
1126 1600 1374 1663 Scientiarum,auui

311 1681 434 1752 Gagatis,
443 1682 490 1753 qui
502 1680 596 1752 procul
610 1677 694 1731 dubio
705 1680 826 1731 bitumen
875 1680 959 1748 1705,
968 1695 1030 1747 pag.
1048 1678 1094 1741 43.
1109 1678 1144 1731 ll.
1158 1710 1198 1722 -
1212 1680 1271 1732 Non
1284 1678 1315 1731 de
1325 1698 1373 1732 suo

311 1773 350 1813 est
362 1761 506 1814 visceribus
523 1772 601 1813 terras
618 1758 709 1812 multis
724 1757 827 1810 suculis
871 1758 947 1823 cino,
967 1756 1050 1808 umbre
1059 1758 1155 1827 jaune,
1179 1776 1271 1811 verum
1284 1758 1315 1812 dc
1325 1778 1373 1811 ans·

203 1893 209 1901 ,
311 1852 468 1903 excoctum,
488 1839 592 1909 glebam
608 1837 704 1903 bubni,
722 1848 825 1895 erutum
871 1836 1036 1899 barommlm
1045 1840 1111 1905 gris,
1125 1849 1248 1891 auctum
1256 1837 1371 1909 quosdam

290 1918 397 1989 'prope
419 1920 575 1971 Narbonem
598 1918 626 1969 in
651 1919 709 1987 ejus
729 1914 827 1987 lepidis
872 1914 926 1968 boc
940 1913 1093 1987 prodidisse
1106 1917 1283 1971 meminimus.
1293 1919 1337 1971 lin.

311 1996 425 2061 fodinis,
444 1995 555 2050 dimidiu
571 2015 602 2049 cx
620 2009 695 2066 psrte
709 1996 825 2065 nigram,
913 1995 957 2048 50.
971 1996 1135 2064 Resinapbris.
1145 1996 1191 2048 Sic
1200 1998 1275 2049 ttSS.
1284 2016 1372 2061 omues,

311 2078 392 2131 altero
404 2076 514 2140 flavam,
528 2076 629 2129 succini
642 2072 827 2145 modo:quod
871 2074 1371 2147 nonpineis.Sextnshiccasus,spins,
1439 2136 1440 2143 ἵ

310 2169 467 2227 argumento
475 2155 623 2210 certissimo
630 2167 679 2215 cst,
689 2156 828 2207 succinum
868 2156 937 2224 pini,
958 2151 1083 2207 secundas
1100 2152 1293 2209 declinationis.
1309 2154 1337 2208 ll.

312 2256 345 2289 eo
364 2233 445 2288 modo
462 2236 533 2306 gigni
548 2254 603 2305 quo
616 2232 743 2285 diximus.
761 2232 827 2285 Glo·
915 2233 961 2287 51.
989 2234 1105 2304 Erumpit
1131 2235 1236 2287 bussoria
1261 2234 1371 2287 dandu-

311 2316 391 2368 bulos
402 2333 539 2387 quoquee
555 2314 665 2367 succino
684 2310 827 2364 duodecim
873 2314 924 2377 tia,
944 2324 995 2365 etc.
1010 2312 1080 2383 Lege
1096 2331 1104 2366 :
1124 2339 1135 2361 ι
1151 2314 1247 2385 Empti
1268 2314 1372 2368 humoris

314 2393 386 2447 baud
402 2396 439 2447 ita
453 2392 558 2465 pridem
576 2394 605 2445 iu
625 2391 755 2445 fotsilium
769 2390 827 2444 tbe·
872 2389 1031 2444 abundantia
1042 2390 1169 2446 densatur
1183 2394 1281 2465 frigore
1292 2394 1329 2447 vel
1338 2406 1371 2447 te·

312 2493 390 2530 sauro
409 2491 469 2528 meo
483 2474 600 2538 servavi,
621 2469 738 2542 singulos
760 2468 827 2524 culi·
871 2488 954 2543 pora,
970 2483 1016 2524 sut
1031 2472 1096 2526 mari
1112 2490 1197 2545 quum
1210 2474 1372 2528 intumescens

312 2573 371 2607 cem
385 2551 567 2616 ostendentes,
580 2551 622 2605 rel
635 2551 772 2604 formicam
789 2549 829 2602 iu·
872 2551 1371 2620 ustusrapnitexiusulismecteinlitto·

312 2646 355 2686 tus
376 2633 516 2703 sepultam.
530 2632 633 2685 Dino.
643 2661 684 2674 -
700 2630 826 2682 Nascitur.
871 2629 1370 2702 reexpellitnritavolnbilmtpendtte

311 2714 351 2765 Itu
365 2711 490 2774 Solinus,
503 2711 557 2764 loc.
569 2711 614 2763 cit.
634 2709 786 2764 subscribit
801 2721 828 2761 ct
872 2707 1003 2772 rideatur,
1013 2721 1092 2778 atquc
1099 2729 1155 2764 uon
1162 2709 1248 2765 sidere
1254 2714 1279 2766 in
1287 2711 1365 2766 rado·

312 2793 395 2845 Olaus
408 2792 534 2862 Magnus,
548 2789 615 2842 llist.
629 2789 676 2842 lib.
688 2789 751 2851 ΧΠ,
761 2805 785 2840 c.
799 2789 828 2852 8,
915 2789 959 2841 ⁵2.
974 2790 1024 2840 Vri
1031 2801 1110 2858 tepora
1118 2793 1261 2844 wimadi.
1271 2792 1369 2853 Solinus,

312 2889 371 2944 pag.
397 2869 450 2924 500
471 2889 479 2922 ε
497 2895 509 2916 ι
528 2869 651 2932 Δὴὶοια,
664 2867 768 2939 inquit,
780 2885 826 2919 seu
872 2868 925 2922 loc.
937 2869 983 2922 cit.
997 2870 1033 2920 At
1043 2867 1178 2930 Isidorus,
1193 2871 1267 2939 Orig.
1277 2871 1368 2934 txvt,

313 2951 394 3020 picen
405 2949 528 3012 arbores,
536 2961 630 3001 natura
640 2965 686 2999 sua
695 2947 830 3010 resinosa,
872 2965 932 3018 cap.
945 2949 976 3014 8,
986 2949 1029 2999 vel
1043 2961 1162 3016 tempore,
1179 2947 1307 3002 mendose.
1318 2949 1346 3000 li.

311 3031 411 3083 excelsa
418 3026 828 3098 proceritate,sivesuperlittors
914 3027 962 3080 53.
982 3029 1062 3096 Quum
1083 3033 1247 3082 tremens.
1265 3029 1367 3090 Tucim,

311 3109 405 3172 maris,
425 3110 479 3160 sire
495 3127 577 3176 snper
596 3107 683 3168 ciros,
703 3105 745 3158 vel
766 3103 829 3156 elias
871 3105 980 3160 locuit.
998 3131 1009 3152 ·
1025 3105 1193 3160 Fecundiora
1206 3109 1283 3179 igitur
1293 3125 1367 3162 nemo·

311 3188 438 3240 silvarum
467 3185 633 3239 declivitatcs
663 3196 828 3248 crescentes,
872 3185 1367 3256 seipsosquesicntoriemisme‘s,

311 3267 448 3320 succinum
474 3263 589 3328 sudant,
614 3263 731 3316 menime
759 3261 826 3315 dum
869 3265 916 3318 ubi
927 3265 1005 3318 tbura
1021 3265 1192 3338 balsamaque
1201 3265 1330 3330 sudmtnr,
1338 3263 1367 3318 ita

311 3346 424 3400 maturis
434 3344 555 3414 frugibus
564 3343 627 3396 solis
638 3344 737 3406 fervor,
748 3355 821 3395 etc..
869 3341 1024 3398 Occidentis
1043 3345 1135 3398 insulis
1152 3347 1281 3418 terrisque
1298 3347 1367 3399 inesse

311 3424 364 3478 Sed
375 3425 458 3478 ultera
468 3437 595 3494 preterea
605 3421 706 3476 succini
716 3437 827 3491 genera·
869 3420 1045 3487 crediderim,
1060 3441 1121 3495 quas
1130 3425 1213 3478 vicini
1228 3426 1288 3478 sniis
1301 3421 1368 3476 radis

311 3505 351 3558 tio
366 3517 451 3568 est,e
470 3516 541 3557 terra
559 3501 773 3572 scilicet:quutu
792 3501 826 3554 sit
869 3521 1005 3573 expressa,
1016 3501 1367 3575 atqucliquentia,iapruai·

312 3585 379 3655 picis
392 3581 504 3646 fossilis,
515 3599 561 3634 sen
574 3581 714 3634 bituminis
725 3597 823 3649 genus:
869 3597 943 3634 muru
957 3601 1031 3636 mure
1044 3582 1180 3645 labuntur,
1195 3603 1226 3638 ac
1242 3585 1266 3635 ri
1282 3596 1366 3652 tempe·

311 3661 385 3734 qnod
396 3680 452 3715 uon
465 3662 492 3714 iu
504 3661 594 3714 littore
603 3659 685 3712 modo
693 3659 822 3712 Prussiaci
869 3673 965 3714 statum
973 3661 1116 3716 inadversa
1126 3661 1362 3716 littorseanndsut·

310 3739 453 3807 maricae!
465 3753 490 3792 et
500 3741 527 3793 in
540 3739 604 3792 locis
614 3739 648 3791 ab
658 3757 692 3790 eo
703 3738 826 3807 pluribus
910 3739 957 3803 54.
973 3741 1006 3793 Ut
1010 3741 1116 3811 pendere
1125 3743 1246 3794 uideatur.
1254 3743 1289 3796 Ut
1298 3736 1363 3793 tundo

310 3840 434 3893 persuum
447 3816 825 3890 millibusdisjunctis,atque
868 3816 987 3888 pendere
1006 3820 1034 3872 in
1054 3821 1145 3891 aquis„
1167 3821 1248 3874 modo
1268 3814 1360 3874 invado

310 3899 377 3953 sdeo
396 3901 425 3952 in
446 3899 510 3970 ipsis
530 3898 665 3952 montibus
680 3897 823 3968 reperitur.
867 3897 1006 3951 considere
1013 3898 1190 3954 rideatur.lta
1197 3901 1361 3954 tissone.

310 3979 381 4032 Vide
392 3979 570 4042 Kiccberurn,
583 3976 617 4030 dc
636 3975 740 4030 Mundo
756 3977 822 4030 sub·
868 3976 1010 4032 Salmasius
1021 3979 1049 4032 iu
1060 3979 1144 4034 Solin.
1154 3999 1214 4052 pag.
1227 3975 1360 4045 almesii,

310 4071 373 4112 terr.
387 4058 434 4110 lib.
444 4058 529 4121 vltt,
544 4076 608 4127 cap.
625 4057 673 4121 13,
688 4074 753 4126 mua.
775 4055 822 4125 75.
867 4069 937 4130 atque
956 4077 1005 4110 non
1017 4059 1102 4112 silero.
1118 4059 1241 4123 Tacitus,
1259 4057 1304 4110 loc.
1322 4052 1357 4106 dl·
