2950 5000
320 399 387 487 154
588 401 628 469 C.
654 400 817 471 PLlNlI
836 390 949 471 MT.
976 402 1106 471 IIIST.

281 562 295 595 a
315 558 399 630 quos
415 529 531 603 Cloelia
540 532 627 614 inter
638 530 769 601 obsides
781 532 908 619 fuerat,
926 558 995 602 non
1004 530 1273 603 decernerentur.
1286 540 1374 607 Hunc

315 642 456 737 primam
480 662 557 708 curn
588 635 724 707 Coclitis
744 638 875 733 publice
893 639 1036 709 dicatam
1058 640 1256 710 crediderim
1275 666 1283 710 :
1301 645 1374 712 Atto

314 750 403 818 enirn
420 770 460 815 ac
475 743 604 839 Sibyllae
620 746 838 838 Tarquinium
845 733 870 832 ⁴,
887 760 921 815 et
937 770 1030 841 reges
1051 747 1113 815 sibi
1127 748 1216 841 ipsos
1234 750 1374 843 posuisse

316 849 490 922 verisimile
510 865 560 920 est
579 878 587 919 ε
609 852 672 919 nisi
695 850 818 923 Cloeliae
840 877 973 947 quoque
1002 854 1078 922 Piso
1099 852 1246 923 traderet
1269 856 1311 923 ab
1329 856 1375 925 liis

315 961 476 1055 positam,
497 958 555 1051 qui
583 980 649 1025 una
671 956 803 1029 obsides
834 959 980 1038 fucrant,
1001 945 1156 1028 redditis⁵
1179 982 1197 1028 a
1215 964 1376 1031 Porsenna

315 1114 371 1169 scil.
386 1126 482 1167 statue.
503 1112 550 1165 Sic
569 1110 617 1164 lib.
631 1110 826 1176 xxxvt,t:
872 1130 971 1166 nomen
992 1111 1126 1165 sturnus?
1148 1110 1333 1183 Operosumne
1355 1112 1377 1165 ei

320 1222 331 1243 ι
347 1193 526 1265 cuperetiaru
538 1192 567 1244 ln
580 1191 746 1243 Lunensium
761 1192 828 1263 lepi-
871 1193 922 1247 fuit
936 1192 1050 1245 litteram
1067 1194 1093 1245 A
1109 1204 1270 1261 postremsrn
1284 1191 1377 1263 adjice·

319 1274 425 1329 cidinis.
439 1272 491 1325 Sed
509 1271 537 1323 in
550 1272 691 1325 Pariorum
706 1271 829 1325 mirabile
872 1272 918 1327 re?
930 1272 1019 1342 Caput
1031 1285 1070 1327 est
1084 1272 1212 1336 civitatis,
1225 1272 1377 1341 qualespin·

317 1352 470 1427 proditura
485 1351 539 1403 Gn.
555 1381 593 1393 -
607 1351 828 1420 QuumLucretr'a.
873 1353 898 1424 gi
913 1371 950 1405 en
965 1372 978 1404 n
997 1350 1150 1404 monetariis
1164 1350 1379 1405 Narbonensibus

317 1434 429 1503 Italleg.
440 1430 641 1494 aetalii.Quum
653 1430 774 1484 Lucretia
785 1449 830 1483 su·
873 1432 1010 1495 solebant:
1027 1442 1052 1483 et
1068 1432 1147 1500 plane
1161 1430 1219 1483 brec
1236 1430 1328 1483 similis
1346 1443 1379 1483 est

319 1526 372 1565 tern
386 1511 465 1564 simul
485 1522 511 1564 et
526 1510 625 1563 Brutus
640 1508 764 1562 dicantur
781 1528 829 1563 ex·
874 1512 898 1565 ei
918 1530 979 1581 quse
995 1529 1076 1577 csse,
1093 1510 1145 1563 hoc
1162 1522 1217 1577 est,
1230 1511 1346 1575 Cabellio,
1355 1512 1380 1562 in

318 1593 418 1664 pulissc
430 1608 520 1659 reges,
533 1589 623 1642 lictum
639 1588 702 1643 hinc
718 1608 774 1643 esse
790 1588 831 1641 di·
874 1588 967 1662 Lepidi
987 1608 1098 1643 nummo
1118 1590 1225 1659 legitur.
1245 1590 1304 1644 Cur
1321 1608 1379 1643 seru

243 1734 247 1741 ¹
319 1672 386 1726 scito
403 1671 538 1732 fabulam,
553 1687 569 1723 a
585 1668 663 1721 Livio
678 1668 828 1736 proditam,
874 1672 917 1723 hic
930 1670 1032 1743 Sibylla
1049 1671 1205 1739 pingeretur
1222 1688 1229 1723 :
1251 1668 1325 1741 quod
1336 1688 1380 1721 no·

319 1750 354 1803 de
364 1751 502 1808 Lucretia,
516 1767 576 1819 qun
587 1767 614 1800 ee
623 1752 658 1799 ob
669 1748 770 1801 illatum
779 1750 830 1801 sibi
875 1768 935 1803 men
947 1751 1026 1802 unius
1038 1750 1142 1802 semines
1159 1750 1301 1820 proprium
1317 1750 1378 1813 fuit,

319 1826 697 1902 stuprumaTurquiuiolilio
711 1846 831 1898 pereme-
874 1832 949 1899 cujus
970 1830 1014 1883 hic
1038 1830 1141 1881 Plinius
1168 1831 1306 1891 meminit,
1334 1830 1379 1881 sub

319 1910 364 1966 rit.
375 1909 516 1963 tt-Cum
531 1908 640 1961 cocum
652 1908 736 1960 Gron.
752 1922 777 1960 et
791 1908 831 1963 Il.
874 1910 1022 1981 Tarquinio
1035 1908 1115 1978 rege?
1129 1908 1229 1961 Afferri
1240 1926 1381 1979 osusapro·

323 2014 334 2037 ι
347 1991 421 2043 Hauc
433 2006 475 2058 pr.
487 2001 513 2040 ct
529 1987 632 2041 Horatii
646 1988 721 2040 Cocl.
734 2012 746 2035 ι
762 1988 814 2039 Ευ.
875 1990 971 2041 babilis
985 2008 1038 2041 non
1052 2000 1146 2059 potest.
1163 1989 1212 2041 Est
1229 1988 1274 2042 hic
1290 2006 1381 2041 simu

362 2076 389 2133 4.
405 2071 542 2121 Armenias
555 2067 602 2119 sibi
611 2087 641 2119 cc
651 2067 753 2138 Se'bylloe
768 2069 833 2119 Tar·
875 2070 1003 2139 scripturn
1021 2087 1072 2139 pro
1083 2086 1115 2120 eo
1130 2066 1203 2139 quod
1216 2082 1272 2130 est,
1289 2069 1381 2121 Severus

320 2152 427 2219 qurier'um
442 2144 501 2209 (sic
514 2139 616 2217 prius).
631 2144 791 2199 Reduntlare
802 2147 830 2200 τὸ
877 2150 993 2220 Imposuit
1017 2148 1147 2201 Bl'cuutii
1169 2148 1325 2218 Lbegioues,
1346 2164 1382 2201 re-

320 2228 366 2280 siba·
383 2246 416 2281 ex
430 2227 579 2297 archetypo
595 2246 644 2279 suu
661 2227 752 2279 statuit
768 2226 831 2279 Pin·
875 2228 952 2281 diens
971 2227 1044 2281 houd
1062 2226 1144 2281 dubie
1162 2245 1177 2278 a
1197 2228 1310 2282 victoria
1327 2229 1382 2283 Pu·

319 2307 414 2361 tianus.
426 2302 502 2359 Voss}
517 2306 727 2359 ‹Attoenirnac
743 2306 830 2376 Sibyl·
876 2308 954 2362 tbica.
980 2309 1056 2360 lianc
1079 2324 1177 2360 corona
1199 2308 1289 2363 laurea
1308 2306 1382 2361 deno·

319 2387 352 2439 la
369 2387 556 2455 Tarquinium.
570 2410 583 2433 ι
602 2386 667 2438 Sine
686 2384 772 2437 dubio
789 2404 832 2439 re-
875 2402 919 2441 tst.
934 2388 1023 2441 Severi
1037 2388 1270 2440 nominesuntslii
1284 2387 1381 2440 nummi

320 2466 408 2521 ebus:
423 2484 485 2520 nam
503 2466 567 2520 htto
578 2465 664 2519 Navio
679 2477 706 2518 ct
723 2464 832 2536 Sibylla
875 2466 1010 2538 inscripti,
1026 2470 1226 2521 stzsnrtssrt.
1249 2466 1382 2521 Litteral

320 2558 418 2600 statuas
431 2565 446 2598 a
458 2545 608 2616 Tarquinio
619 2545 716 2616 positas
723 2546 778 2616 jum
791 2543 832 2598 di·
874 2548 919 2602 hic
932 2549 1080 2619 geminatur
1093 2547 1127 2600 ud
1145 2548 1278 2618 pluralem
1298 2565 1383 2600 nume

320 2626 360 2678 xit
374 2638 403 2680 et
422 2623 584 2696 procedenti
600 2626 688 2695 capite
702 2636 830 2678 extremo.
874 2646 934 2680 rum
959 2629 1092 2698 legionum
1114 2627 1321 2696 significandum
1337 2645 1343 2678 :
1357 2637 1383 2678 ut

321 2705 463 2760 Grum-
476 2707 546 2758 Atto.
556 2707 617 2758 Atto
628 2704 715 2758 Navio
725 2705 829 2776 auguri,
875 2708 903 2761 in
922 2725 1035 2759 nummo
1055 2707 1185 2778 inscripto
1203 2727 1289 2760 nsunt
1311 2725 1383 2776 supe·

321 2783 423 2858 dequo
439 2804 496 2856 csp.
522 2801 567 2840 ιι.
586 2785 635 2838 Est
650 2795 790 2854 argenteus
803 2785 830 2837 in
874 2789 930 2840 rius
944 2785 1069 2840 diximus.
1082 2788 1117 2839 At
1130 2798 1170 2838 est
1185 2786 1283 2858 Sibylla
1295 2787 1323 2839 in
1337 2787 1383 2838 boc

321 2866 446 2918 thesauro
458 2867 541 2936 Regio
556 2881 702 2926 nummus,
720 2876 748 2916 et
762 2862 834 2934 apud
875 2867 954 2922 Plinii
971 2867 1029 2918 loeo
1039 2905 1046 2930 ,
1056 2885 1130 2937 arque
1141 2883 1171 2918 ac
1181 2865 1228 2918 lib.
1246 2867 1332 2930 x111,
1344 2883 1383 2934 η,

321 2945 406 2999 Patiar.
424 2945 453 2998 in
471 2945 570 2998 familis
585 2944 701 3007 Manlia,
715 2962 742 3014 p.
763 2947 832 3010 164,
875 2947 1015 3018 proprium
1032 2945 1136 2999 lemine
1152 2963 1268 3011 nomen,
1290 2960 1320 2998 ut
1339 2947 1383 2997 Su·

321 3026 408 3096 capite
424 3027 522 3078 cirrato
544 3023 689 3087 muliebri,
706 3023 775 3074 infra
795 3041 833 3076 sr-
880 3045 960 3078 suntin
973 3045 1003 3080 sc
1016 3025 1155 3080 Gettovela
1171 3045 1178 3076 τ
1196 3043 1253 3078 non
1274 3026 1384 3096 appelle·

322 3096 457 3172 succ.’')l
474 3105 589 3175 Tripus,
607 3121 687 3174 super
708 3120 764 3172 quo
785 3121 831 3154 ur·
876 3107 977 3168 tirum,
1002 3117 1050 3158 sut
1074 3121 1224 3158 commuue.
1255 3105 1383 3159 Uritatutn

321 3201 382 3238 oeus
395 3197 450 3247 est,
472 3185 576 3254 insigne
592 3180 731 3236 secerdotii
742 3219 751 3247 ,
764 3181 833 3235 inter
876 3184 946 3238 illud
962 3185 1046 3246 oliui,
1068 3197 1124 3236 tum
1145 3183 1221 3254 spud
1234 3185 1320 3250 alios,
1332 3197 1383 3236 nne

321 3265 389 3317 soles
398 3263 592 3335 duos,quibus
602 3262 735 3332 imperare
748 3263 832 3316 Roma
877 3263 949 3336 apud
966 3277 1114 3328 nostrates,
1131 3264 1206 3316 utin
1224 3265 1337 3318 uetustis
1349 3281 1385 3314 rs·

322 3343 486 3415 significatur
502 3343 607 3396 Orienti
631 3353 658 3394 et
677 3340 832 3417 occidenti.
877 3345 994 3398 tionibus
1010 3344 1105 3415 regiis,
1116 3341 1149 3396 sd
1158 3343 1259 3396 calcem
1271 3343 1383 3397 historie

321 3423 545 3486 1..roaosar.lII
556 3439 613 3475 vta.
626 3447 639 3470 ι
650 3420 750 3473 Lucius
763 3422 833 3475 Tur·
875 3425 1013 3478 Iuvenalis
1027 3423 1061 3476 de
1074 3423 1187 3487 Ursinis,
1198 3441 1226 3494 p.
1242 3429 1302 3493 796
1318 3443 1324 3475 :
1338 3449 1349 3470 ι
1363 3423 1382 3471 Α

320 3515 416 3574 quatns
427 3502 577 3566 triumsin·
590 3514 618 3554 et
627 3498 699 3553 idern
709 3500 833 3556 secerdos
877 3505 975 3558 Sebille
988 3505 1013 3557 lc
1026 3505 1116 3572 Veyer
1129 3502 1208 3556 darm
1221 3501 1256 3556 tle
1270 3503 1384 3562 Lesluet,

322 3582 464 3654 Apollinis.
476 3583 717 3634 Innoetroeoronn
731 3580 832 3646 laurea,
876 3584 974 3637 femme
997 3582 1031 3634 de
1053 3583 1161 3635 messire
1180 3584 1331 3654 Tunneguy
1351 3578 1383 3631 dn

321 3681 376 3718 uon
397 3661 640 3733 caputnauliebre.
657 3657 705 3712 sed
723 3661 830 3713 alteram
876 3664 985 3728 Chatti,
1014 3662 1161 3726 chevalier,
1191 3663 1335 3715 conseiller
1362 3670 1385 3711 et

321 3743 424 3794 nummi
437 3759 525 3794 aream
533 3739 627 3810 cingit.
637 3740 691 3805 Qui
702 3740 831 3812 Sibyllam
875 3743 1040 3797 chambellan
1053 3741 1088 3794 de
1098 3741 1235 3795 monsieur
1247 3742 1273 3796 le
1281 3745 1384 3812 regent,

321 3820 450 3892 hirpingi
460 3832 572 3889 putant,
584 3837 681 3890 magno
693 3817 832 3872 ducuntur
875 3835 903 3876 et
918 3821 1053 3875 marechal
1068 3821 1102 3875 de
1120 3840 1158 3874 ses
1179 3839 1306 3892 guerres,
1319 3819 1384 3872 dees

321 3919 421 3955 errore.
454 3901 520 3953 Nam
547 3899 570 3951 si
595 3899 724 3969 Sibyllam
751 3899 832 3954 vellet
875 3901 949 3955 mille
963 3901 1311 3972 lirrespourscutenirson
1324 3902 1380 3959 etat,

322 3982 484 4034 suouetarius
508 3979 634 4051 intelligi,
656 3997 706 4032 cur
731 3997 831 4032 sinna
875 3983 901 4034 le
915 4001 928 4034 a
943 3981 1030 4053 juillet
1045 3987 1141 4044 ileo.»
1154 3981 1247 4034 Hero.

209 4117 211 4120 ,
321 4072 424 4114 tentum
447 4059 588 4124 scriberet,
615 4077 668 4111 tion
698 4058 830 4130 integrum
918 4061 942 4115 5.
961 4061 1078 4116 Redditis.
1091 4060 1196 4126 Livius,
1212 4062 1327 4132 ll‚p¹ss·
1342 4059 1384 4119 ab.
