2950 5000
424 449 584 518 ornus
610 449 803 518 xxxin.
1106 469 1150 544 77

101 606 202 666 smus,
218 579 399 652 celestibus
419 579 558 666 similes,
580 606 657 650 cum
674 582 772 678 igneo
789 580 947 669 stridore3
967 584 1152 678 eugenius
1269 618 1270 621 ¹

102 686 245 757 mtione''
259 687 452 782 predicunt.

146 797 263 862 XXIV.
292 799 400 862 Aurea
426 805 535 861 statua
560 794 838 886 primoomnium
863 791 953 862 nulla
975 795 1148 882 inanitate,
1170 821 1182 856 s

99 913 127 967 et
140 915 308 994 autequam
327 923 368 968 ex
386 923 451 968 tere
466 897 575 992 aliquo
588 897 644 968 illo
659 899 761 968 modo
776 898 888 984 lieret,
908 923 1009 994 quam
1026 915 1149 970 vocant

99 1003 375 1100 holosplsyrston¹‚
392 1006 425 1072 in
445 1003 570 1099 templo
590 1003 768 1075 Aueitidis'
786 1007 892 1100 posita
917 1006 1039 1076 (licitur
1060 1001 1148 1101 (quo

99 1112 134 1178 sit
153 1114 213 1181 situ
239 1126 401 1180 terrorum
423 1135 546 1180 nomen
572 1111 637 1180 hoc
665 1098 942 1206 significavimus³
956 1106 987 1202 l,
1012 1115 1149 1182 numine

99 1217 237 1310 gentibus
253 1216 314 1286 illis
333 1218 564 1286 saeratissimo.
582 1205 739 1310 Direptn⁴
759 1233 810 1287 est
831 1220 965 1288 Antonii
984 1219 1146 1288 Parthicis

99 1323 203 1392 rebus:
219 1325 402 1417 scitumque
418 1336 573 1392 narratur
585 1322 711 1392 dietum
727 1325 1069 1393 uniusveternuorum
1085 1329 1148 1394 Bo-

98 1431 208 1507 nouie,
230 1427 384 1524 hospitali
403 1429 473 1498 divi
497 1431 638 1524 Augusti
658 1453 771 1517 coena,
796 1453 899 1524 quum
924 1431 1147 1526 interrogare-

98 1547 154 1618 tur,
165 1550 288 1605 essetne
306 1559 442 1619 verum,
461 1558 537 1602 eum
548 1537 605 1628 qui
620 1537 747 1629 primus
757 1534 912 1605 violasset
925 1536 991 1606 hoc
1006 1561 1147 1617 numen,

97 1639 189 1710 oculis
210 1639 428 1734 membrisque
455 1653 590 1735 captum
614 1639 815 1735 exspirasse?
839 1643 905 1710 Res
953 1641 1024 1711 ndit
1043 1644 1148 1731 enim,

97 1759 157 1814 mm
171 1749 307 1816 maxime
326 1749 512 1841 Augustum
525 1746 566 1815 de
578 1740 676 1816 crure
686 1748 757 1840 ejus
768 1771 901 1817 coenare
924 1747 1045 1842 ,s’eque
1056 1747 1149 1816 illum

96 1875 176 1940 esse,
192 1868 363 1947 totumque
382 1853 442 1922 sibi
462 1877 597 1922 censum
618 1877 658 1922 en
679 1876 718 1921 ea
737 1854 864 1948 rapine.
885 1855 1066 1924 Hominum
1082 1857 1149 1949 pri·

132 2119 173 2155 ro.
200 2101 301 2158 Gentius
331 2105 426 2154 rustam
449 2101 594 2173 pradicant.
640 2101 753 2171 Qnods‘u
767 2104 831 2166 situ,
845 2113 896 2154 eto.
910 2089 1084 2174 (sieprius).
1098 2103 1149 2156 Vi·

96 2180 234 2236 Celestibus
261 2182 385 2236 videlieet
418 2183 534 2236 sreubus
567 2192 594 2236 et
638 2181 716 2235 detur
729 2193 898 2234 monstrare:
914 2198 988 2251 squo
1003 2181 1038 2234 sis
1053 2181 1082 2234 iu
1095 2183 1147 2236 situ

96 2260 165 2331 igneo
176 2261 295 2316 stridore.
314 2263 399 2314 Bnor.
636 2273 767 2314 terrorum
787 2277 887 2312 numen
907 2260 960 2312 hoe
984 2261 1148 2332 signavimus

130 2341 223 2395 mv,
252 2361 276 2396 ι.
300 2341 507 2410 Holosplyrston.
528 2330 591 2394 ὁλό·
635 2340 762 2402 nomine,
791 2339 914 2410 gentibus
937 2339 989 2392 illis
1008 2342 1146 2394 ssorutissi·

97 2439 170 2488 ιῐιρις
180 2434 204 2475 et
215 2422 376 2491 ὄλισφὺρατος
390 2419 462 2491 apud
476 2421 590 2490 Hesych.
634 2435 707 2472 mo.»
718 2419 827 2471 Frustra
837 2418 919 2489 igitur
930 2419 1044 2472 Plinium
1059 2421 1147 2492 arguit

97 2514 235 2567 munaus,
247 2501 359 2573 plenus,
372 2518 427 2554 non
445 2500 591 2565 conflatus,
634 2499 833 2569 Dsleesmpius,
844 2497 917 2571 quod
925 2516 1055 2571 nusqusm
1065 2500 1145 2572 hujus

97 2578 136 2633 sed
150 2579 241 2637 duetus
256 2582 354 2633 mslleo
365 2612 374 2637 2
387 2582 485 2650 ςιριὸς,
498 2583 590 2645 seete,
634 2578 726 2649 templi
734 2579 922 2632 memineritin
934 2580 1144 2650 geographurne-

97 2659 132 2712 ul
143 2658 245 2729 neapo
259 2656 383 2721 διάκενος.
396 2660 490 2714 Ηιιιι.
633 2658 682 2712 nis.
699 2660 760 2711 Non
773 2658 845 2712 enisu
861 2656 965 2712 dixerat
980 2658 1024 2711 hie
1037 2677 1065 2712 se
1080 2659 1144 2713 slibi

131 2758 153 2792 s.
165 2740 192 2792 ln
203 2742 288 2811 templo
300 2738 588 2808 sententiasque
633 2738 800 2801 meminisse,
816 2735 864 2791 sed
880 2756 953 2791 nunc
971 2736 1076 2809 ipsum,
1095 2740 1144 2793 ubi

97 2816 164 2889 liujus
175 2821 263 2891 templi
275 2821 302 2871 in
319 2818 487 2890 Geogrsplria
497 2817 589 2871 mensi·
631 2817 678 2883 sit,
694 2818 808 2888 signasse
829 2829 855 2870 et
874 2814 1011 2870 denotasse
1024 2818 1142 2872 nomine.

97 2896 194 2961 sit‚sed
205 2900 287 2956 lib.V.
298 2916 358 2970 esp.
373 2906 418 2963 sl,
428 2898 538 2950 Antelios
549 2915 590 2949 re·
631 2896 767 2949 Nimirum
780 2899 881 2962 AEuess,
888 2896 932 2949 vel
944 2894 1015 2968 spud
1026 2898 1142 2951 Ansitns.

97 2976 396 3049 gionisArsueuie,qusm
406 2976 589 3046 preterfluens
631 2975 723 3029 Guon.

96 3054 229 3127 Euphrates
249 3077 263 3111 s
280 3058 447 3129 Ceppsdoeie
461 3054 588 3111 excludit.
672 3056 699 3109 3.
712 3054 914 3125 Significatione.
928 3054 1028 3120 Linv,
1039 3075 1082 3108 so.
1094 3056 1128 3108 ll

97 3132 178 3189 sunto
200 3138 246 3193 lib.
267 3137 339 3202 ΧΠ,
359 3135 489 3206 templum
508 3134 537 3188 id
559 3135 587 3187 in
672 3136 818 3205 wei-epm
832 3135 977 3205 Nempees
990 3132 1143 3211 ststundep

97 3214 258 3288 Zelsoppido
276 3217 356 3270 luisse
371 3214 588 3279 trsdit‚sSemi·
631 3213 772 3268 Ansitidis.
788 3214 833 3269 Sie
848 3214 928 3268 etism
948 3213 1024 3267 MSS.
1042 3216 1083 3268 De
1097 3232 1143 3268 ex·
1207 3216 1210 3219 ’

31 3356 34 3373 ‚
96 3294 183 3349 nnide
199 3308 351 3351 eonstrueto
372 3312 453 3363 snper
478 3312 588 3366 eggere,
631 3292 767 3365 peditioue
789 3292 889 3347 infelici
914 3293 1025 3346 Antonii
1050 3307 1143 3349 contre

96 3374 185 3446 solique
198 3374 225 3429 id
236 3374 433 3447 religiosissime
449 3375 482 3426 sb
496 3376 590 3425 Arme·
631 3373 759 3437 Pullius,
779 3371 842 3426 ride
864 3372 978 3427 ὓὶοιιοιιι
996 3386 1024 3426 et
1036 3374 1142 3427 Plutar-

97 3452 146 3505 niis
162 3456 265 3509 Ausisiu
284 3455 398 3508 Dianam
414 3452 492 3505 luisse
511 3453 589 3507 multi
630 3452 720 3507 elium.
740 3451 774 3503 ll.
789 3455 916 3505 -Anuo
929 3452 1012 3505 Urbis
1024 3452 1141 3507 condite

97 3532 190 3587 tradunt
199 3554 206 3587 ι
215 3534 407 3590 stStrsbosub
418 3532 497 3585 linem
510 3534 528 3585 l.
540 3534 588 3597 xl,
632 3534 699 3603 718.
711 3532 764 3584 En.

98 3610 211 3667 Venerem
233 3616 322 3687 posius
340 3613 421 3667 luisse
442 3623 588 3674 monstrnt,
673 3610 828 3664 tunm
839 3613 891 3682 ejus
901 3630 1003 3664 emm.
1015 3612 1054 3666 Ut
1063 3612 1143 3665 iutel-

98 3694 204 3761 quonism
227 3695 345 3765 virgines
366 3690 458 3745 dieste
479 3692 506 3743 in
532 3693 588 3762 ejus
631 3691 746 3763 ligemus
767 3690 796 3743 iu
813 3689 964 3762 direptione
982 3690 1071 3744 fructu
1091 3705 1143 3744 sts-

98 3773 181 3841 tsnplo
198 3768 509 3844 prostituebsntur.Vide
529 3770 587 3841 Gy·
632 3784 699 3834 tue,
724 3787 785 3823 erus
806 3770 869 3823 huie
894 3782 1018 3823 retersno
1045 3771 1144 3838 militi,

99 3849 153 3903 rsldi
165 3852 303 3906 llistorism
319 3850 443 3905 deorum.
458 3847 589 3903 Ansitidis
631 3850 678 3922 qui
689 3850 839 3921 Augustum
851 3850 1000 3920 excipiebat
1010 3850 1143 3922 hospitio,

100 3928 175 3984 llisne
193 3933 218 3986 iu
235 3932 321 4003 Lydis
337 3930 474 4001 precipuo
487 3930 589 3983 honore
632 3930 770 4001 obtigisse,
783 3931 858 3999 eujus
868 3941 971 4001 perteus
985 3929 1014 3983 in
1027 3931 1145 4001 bospite·

100 4010 161 4063 utre
177 4012 296 4066 meminis
311 4020 410 4082 preter
424 4008 589 4062 Herodotum
633 4010 685 4062 lem
705 4024 807 4061 eusnsrn
826 4009 982 4062 insumeret.
1003 4010 1044 4061 Its
1063 4009 1144 4063 Gele-

99 4086 219 4145 Pssssniss
234 4094 261 4145 in
273 4088 534 4144 lneouieisbsuu.
550 4120 590 4132 -
633 4089 694 4141 nius
708 4106 716 4141 ι
729 4100 809 4141 recte.
826 4088 918 4141 Hsun.
