2950 5000
422 463 578 533 LIBER
603 465 788 532 XXXIV.
1067 459 1137 530 203

94 597 164 690 quia
176 594 358 692 philosophi
372 608 447 664 erat
457 581 493 683 ¹⁸,
506 610 545 663 ut
555 597 662 666 obiter
673 597 738 665 hoc
751 617 884 690 quoque
902 609 1059 664 noscatur
1069 609 1137 664 tam

93 703 180 770 inane
194 700 379 797 exemplum
388 700 424 769 ¹⁹.

139 809 175 876 ln
190 811 353 878 mentione
371 823 554 877 statuarum
573 823 625 877 est
647 822 683 877 et
707 831 774 876 una
795 831 865 876 non
889 805 1131 902 praetereunda,
1150 825 1183 884 aa

92 913 160 983 licet
180 917 322 984 auctoris
339 916 458 984 incerti
465 913 502 999 ²⁰,
518 915 611 1009 juxta
627 913 794 996 Rostra²¹‚
815 912 965 983 Herculis
987 914 1139 996 tunicati,

92 1017 469 1109 Eleohabitu²²‚Romte‚
488 1036 585 1089 torva
598 1021 705 1103 facie,
721 1005 972 1114 sentienteque¹³
984 1041 1140 1115 suprema

92 1128 124 1193 in
144 1127 257 1196 unica.
288 1128 330 1195 In
348 1127 414 1196 hac
432 1141 499 1196 tres
517 1141 595 1197 sunt
611 1125 724 1196 tituli:
750 1129 788 1195 L.
813 1124 944 1196 Luculli
954 1113 978 1220 ’ξ
999 1129 1139 1217 impera·
1193 1173 1195 1178 ,

91 1233 173 1315 toris,
184 1233 226 1302 de
236 1233 403 1302 manubiis
420 1257 429 1301 t
450 1232 545 1320 alter,
557 1231 721 1328 pupillum
739 1232 869 1302 Luculli
883 1231 986 1300 lilium
999 1255 1040 1300 ex
1053 1235 1085 1300 S.
1100 1233 1140 1302 C.

90 1337 267 1409 dedioesse:
288 1341 429 1423 tertius,
445 1343 482 1408 T.
499 1341 696 1434 Septimium
713 1339 872 1408 Sabinum
895 1337 1021 1408 aedilem
1043 1361 1140 1408 curu·

90 1443 147 1513 lem
157 1471 195 1514 ex
206 1447 338 1540 privato
348 1447 384 1512 in
394 1430 598 1540 publicum²⁵
615 1447 805 1516 restituisse.
820 1430 910 1514 Τοῖ’6
923 1448 1143 1515 certaminum

90 1565 240 1646 tantaque
256 1551 461 1644 dignationis
479 1551 692 1622 simulacrum
710 1552 743 1620 id
764 1551 836 1621 fuit.

91 1704 592 1779 carohmor,sireUricensh.clodius
634 1719 696 1771 tabe
725 1718 822 1770 veneni
855 1718 973 1782 imbuta,
1003 1717 1148 1771 visceribus

90 1795 201 1848 tribunus
210 1795 284 1868 pleb.
295 1795 417 1865 Cyprum
428 1793 593 1867 adjudicaret
634 1799 691 1868 ejus
713 1798 831 1864 inhaesit,
854 1809 993 1868 tantosque
1015 1797 1147 1850 cruciatus

91 1875 183 1946 popalo
196 1893 308 1928 romano
320 1874 355 1927 ad
365 1893 445 1947 quam
456 1876 594 1946 poeaiden-
633 1878 774 1942 excitavit,
798 1891 828 1931 ut
847 1878 876 1930 in
895 1875 1032 1930 ardentem
1049 1894 1146 1947 pyram

91 1951 144 2006 dara
154 1955 246 2007 misens
255 1967 295 2008 cst
305 1954 383 2008 Cato.
388 1954 459 2008 Vide
466 1955 592 2010 ciceron.
633 1958 768 2028 conjicere
781 1975 810 2010 re
828 1957 964 2022 maluerit,
977 1973 1057 2026 quana
1072 1973 1143 2010 urea·-

91 2033 164 2104 episc
178 2035 250 2086 Fam.
265 2034 593 2102 XV,4;vetleium,11‚
634 2033 699 2090 bum
715 2035 837 2090 dolorem
852 2037 970 2107 perferre
987 2033 1094 2088 diutine.
1110 2034 1145 2090 Η.

91 2131 115 2164 n.
128 2113 177 2178 45,
189 2127 216 2166 et
230 2114 365 2166 Plutarch.
379 2131 441 2184 pag.
454 2119 520 2184 776.
536 2116 570 2167 H.
634 2113 754 2170 -Eleu
769 2117 841 2170 Brut.
856 2135 887 2168 ex
897 2115 1034 2176 Turnebo,
1052 2113 1147 2168 OEtoeo

127 2193 594 2265 18..5dqniapltiloeophimt.Quoe
634 2196 734 2255 habitu.
752 2214 905 2267 quanquam
920 2207 1058 2248 contextus
1074 2193 1147 2247 exhi-

91 2269 221 2344 ddigehat,
233 2291 319 2344 quum
328 2291 444 2343 proauus
455 2277 513 2345 ejus
526 2276 593 2328 Cato
635 2277 682 2328 bet
692 2276 789 2338 wia,
802 2293 944 2346 operarum
956 2293 1056 2328 errore.
1072 2274 1124 2328 En.

92 2355 166 2424 major
184 2353 292 2405 Graeoos
304 2371 397 2404 omnen
415 2352 521 2406 odisset.
540 2355 593 2408 Pli·
675 2357 722 2410 23.
744 2354 919 2426 Seutienteque.
942 2353 1004 2424 Lug.
1026 2357 1148 2408 senciente.

91 2432 152 2499 uiua,
161 2433 227 2494 vn,
240 2429 330 2496 unde
342 2444 462 2504 utroque
474 2433 594 2486 Catone:
635 2435 698 2488 Non
711 2448 810 2488 temere
826 2435 877 2487 luit
894 2435 1021 2486 Hercules
1038 2435 1074 2486 ita
1093 2433 1149 2486 sor·

93 2513 213 2577 ·Qnanta
228 2530 334 2564 morum
345 2514 533 2566 commutatio!
546 2515 595 2567 llle
637 2529 737 2577 matus,
753 2514 823 2585 apud
837 2514 936 2569 Athen.
950 2515 997 2566 lib.
1013 2515 1077 2567 XII.
1089 2512 1149 2566 Ste-

92 2609 186 2663 aemper
197 2592 299 2663 alioqui
313 2590 451 2645 universos
468 2610 500 2645 ex
519 2592 595 2645 ltalia
636 2594 1149 2664 eichorusllimermusprimusomniuru

93 2671 223 2741 pellendos
232 2672 334 2724 cenauit
347 2670 456 2724 Grecos
472 2684 519 2725 :at
531 2690 596 2743 pro·
637 2674 756 2737 claram,
771 2674 856 2727 leonia
869 2672 981 2743 pellem,
996 2691 1086 2726 ereum
1101 2674 1149 2726 tri·

92 2768 165 2822 nepo·
182 2754 242 2821 ejus
256 2748 392 2804 Uticensis
411 2752 493 2816 Cato,
509 2769 595 2805 unum
637 2755 696 2807 huit
707 2753 817 2806 Herculi
834 2774 840 2803 ι
857 2752 980 2806 Xanthus
995 2771 1058 2807 vero
1072 2751 1151 2805 Steti·

32 2881 33 2884 ,
93 2846 119 2881 ea
149 2832 289 2885 tribunatu
328 2830 445 2883 militum
476 2830 596 2900 philoeo·
638 2832 869 2893 abominatum,
882 2832 1151 2901 ecujusrerribuain

93 2908 177 2977 phem,
183 2912 299 2964 alterum
311 2924 347 2961 ex
354 2909 454 2982 Cypria
465 2910 597 2981 legatione
639 2932 706 2983 opus
712 2930 790 2965 suum
799 2914 883 2965 multa
893 2912 1058 2963 Stesichorus
1066 2922 1151 2964 traua·

92 2986 244 3060 deportarit.
260 3016 272 3037 ι
285 2988 378 3042 Hauc.
639 2993 719 3055 tulit,
743 2992 839 3043 habitu
868 2991 1027 3056 Homerico,
1054 3008 1151 3061 nempe

32 3137 33 3140 Ἴ
85 3107 91 3117 .
130 3086 172 3139 19.
189 3072 252 3122 Tm
266 3073 339 3120 inane
359 3068 500 3136 exemplum.
518 3068 598 3122 Levi·
638 3072 790 3143 priscorum
811 3070 923 3123 heroum
938 3068 1078 3139 depinxit:
1099 3088 1151 3141 qua

94 3148 147 3200 tatia
161 3149 333 3219 exemplum,
352 3144 425 3217 qnod
438 3165 488 3219 =eoa
508 3147 599 3219 dilige·
639 3152 723 3221 figura
750 3168 763 3201 a
786 3150 914 3203 statuario
936 3150 983 3201 illo
1004 3146 1152 3213 tunicatus,

32 3295 33 3298 Ἴ
96 3227 389 3297 hatntdiximus.quoe
400 3226 597 3298 proavuendie·
640 3244 666 3284 et
678 3230 744 3282 Eleo
758 3230 833 3282 cultu
845 3240 1044 3299 representatus
1056 3226 1150 3281 fuerat.

32 3365 34 3384 Ι
95 3308 237 3361 oecHaan,
639 3307 935 3380 Dan—Sentiemeque
950 3326 1067 3379 suprema.
1085 3308 1153 3359 Sen-

132 3405 173 3439 ao.
188 3388 258 3438 Licet
267 3386 374 3436 auctoris
385 3387 477 3436 incerti.
487 3384 550 3437 Nou
561 3384 599 3439 ita
639 3390 724 3443 tiente
732 3390 796 3441 inea
804 3389 1054 3459 tunicasupremum
1062 3384 1152 3443 finem.

32 3523 33 3526 Ἴ
97 3464 159 3519 bene
178 3466 255 3519 MSS.
278 3464 359 3534 Regg.
377 3461 444 3516 edit.
463 3465 551 3534 princ.
574 3478 600 3519 et
682 3475 726 3531 ²4·
743 3468 773 3519 L.
789 3468 894 3521 Luculli.
909 3464 1154 3537 Ejus,quiadver-

32 3607 33 3622 p
98 3546 134 3598 cl.
147 3544 325 3604 llemmnicus,
342 3560 478 3615 quenquam
492 3554 601 3597 auctores
641 3566 684 3600 aus
694 3546 879 3600 Mithridatem
892 3547 960 3600 bella
972 3547 1056 3617 gessit.
1074 3546 1107 3597 H.

99 3628 181 3677 iaearti.
195 3626 271 3677 Brot.
285 3640 422 3695 quaequam
442 3628 546 3675 auctorr's
566 3628 601 3676 in·
684 3627 728 3679 25.
742 3624 1155 3697 Expriratoirrpublr'cum.Quum

34 3699 35 3774 s
99 3704 221 3757 martae.
599 3752 604 3761 ,
642 3707 670 3758 iu
685 3708 804 3777 privatos
821 3724 885 3759 usus
902 3705 1018 3759 cessisset
1033 3705 1090 3757 lame
1106 3716 1157 3759 ata-

34 3789 35 3830 l
134 3780 600 3836 21.Ju2r01t0um.1ntorottoma-
643 3798 701 3849 tua,
718 3804 776 3838 eam
794 3784 906 3838 Sabinus
917 3786 944 3837 in
958 3783 1099 3856 publicum
1112 3801 1158 3835 re-

34 3857 35 3924 }
100 3879 145 3925 no,
165 3864 276 3933 regione
298 3859 382 3913 urbis
402 3870 503 3914 nonve.
517 3860 552 3915 Η,
644 3864 737 3917 stituit.
751 3866 835 3917 Bnor.

34 3936 35 3978 i
135 3960 178 3995 aa.
192 3942 256 3995 131ae
269 3939 362 3991 lubitu.
377 3939 498 3992 Tumeb.
513 3940 599 3994 Advv.
690 3948 735 3997 26.
763 3944 813 3995 Tot
835 3948 1003 4006 certaminum,
1029 3954 1080 3995 etc.
1103 3942 1178 4009 'l'ttt¹

103 4019 175 4085 xvl,
206 4040 261 4085 ra,
289 4020 356 4089 legit
379 4017 474 4071 OEtoeo
497 4020 604 4075 habitu:
647 4022 712 4077 viris
734 4022 812 4077 claris
833 4022 962 4076 honorem
984 4032 1075 4075 statuae
1091 4020 1162 4073 illiue

103 4116 189 4172 nempe
211 4099 304 4153 tunica
330 4098 376 4151 illa
403 4098 522 4165 molente,
545 4119 604 4172 «pua
649 4102 700 4156 ribi
713 4100 919 4163 vindicantibus.
932 4100 1024 4155 llaan.
