<?xml version="1.0" encoding="UTF-8"?>
<!DOCTYPE html PUBLIC "-//W3C//DTD XHTML 1.0 Transitional//EN"
    "http://www.w3.org/TR/xhtml1/DTD/xhtml1-transitional.dtd">
<html xmlns="http://www.w3.org/1999/xhtml" xml:lang="en" lang="en">
 <head>
  <title>
</title>
<meta http-equiv="Content-Type" content="text/html;charset=utf-8" />
  <meta name='ocr-system' content='tesseract 3.04.00' />
  <meta name='ocr-capabilities' content='ocr_page ocr_carea ocr_par ocr_line ocrx_word'/>
</head>
<body>
  <div class='ocr_page' id='page_1' title='image "./caiipliniisecun01plingoog_0123.png"; bbox 0 0 2950 5000; ppageno 0'>
   <div class='ocr_carea' id='block_1_1' title="bbox 326 414 1108 494">
    <p class='ocr_par' dir='ltr' id='par_1_1' title="bbox 326 414 1108 494">
     <span class='ocr_line' id='line_1_1' title="bbox 326 414 1108 494; baseline -0.003 -9"><span class='ocrx_word' id='word_1_1' title='bbox 326 439 390 487; x_wconf 82' lang='lat' dir='ltr'><strong>aaa</strong></span> <span class='ocrx_word' id='word_1_2' title='bbox 595 417 634 484; x_wconf 90' lang='lat' dir='ltr'><strong>C.</strong></span> <span class='ocrx_word' id='word_1_3' title='bbox 660 414 825 494; x_wconf 75' lang='grc' dir='ltr'><strong>ΡΙᾸΝΙΙΙ</strong></span> <span class='ocrx_word' id='word_1_4' title='bbox 843 415 952 485; x_wconf 86' lang='grc' dir='ltr'><strong>ΝΑΤ.</strong></span> <span class='ocrx_word' id='word_1_5' title='bbox 980 418 1108 487; x_wconf 89' lang='lat' dir='ltr'><strong>HIST.</strong></span> 
     </span>
    </p>
   </div>
   <div class='ocr_carea' id='block_1_2' title="bbox 260 520 1387 1707">
    <p class='ocr_par' dir='ltr' id='par_1_2' title="bbox 319 520 1379 859">
     <span class='ocr_line' id='line_1_2' title="bbox 319 520 1377 647; baseline -0.003 -26"><span class='ocrx_word' id='word_1_6' title='bbox 319 520 429 647; x_wconf 86' lang='lat' dir='ltr'><strong>ipsum</strong></span> <span class='ocrx_word' id='word_1_7' title='bbox 447 548 563 643; x_wconf 88' lang='lat' dir='ltr'><strong>aliquis</strong></span> <span class='ocrx_word' id='word_1_8' title='bbox 574 564 748 646; x_wconf 86' lang='lat' dir='ltr'><strong>comparet</strong></span> <span class='ocrx_word' id='word_1_9' title='bbox 762 552 879 620; x_wconf 88' lang='lat' dir='ltr'><strong>Croeso</strong></span> <span class='ocrx_word' id='word_1_10' title='bbox 889 550 977 645; x_wconf 81' lang='lat' dir='ltr'><strong>regi.</strong></span> <span class='ocrx_word' id='word_1_11' title='bbox 992 552 1092 640; x_wconf 77' lang='lat' dir='ltr'><strong>Quae,</strong></span> <span class='ocrx_word' id='word_1_12' title='bbox 1117 546 1240 619; x_wconf 88' lang='lat' dir='ltr'><strong>malum</strong></span> <span class='ocrx_word' id='word_1_13' title='bbox 1251 599 1261 632; x_wconf 89' lang='lat'>,</span> <span class='ocrx_word' id='word_1_14' title='bbox 1273 571 1377 618; x_wconf 86' lang='lat' dir='ltr'><strong>amen·</strong></span> 
     </span>
     <span class='ocr_line' id='line_1_3' title="bbox 323 654 1379 751; baseline -0.003 -25"><span class='ocrx_word' id='word_1_15' title='bbox 323 660 368 727; x_wconf 89' lang='lat' dir='ltr'><strong>tia</strong></span> <span class='ocrx_word' id='word_1_16' title='bbox 387 670 453 743; x_wconf 87' lang='lat' dir='ltr'><strong>est,</strong></span> <span class='ocrx_word' id='word_1_17' title='bbox 472 654 507 724; x_wconf 93' lang='lat' dir='ltr'><strong>id</strong></span> <span class='ocrx_word' id='word_1_18' title='bbox 527 656 563 724; x_wconf 91' lang='lat' dir='ltr'><strong>in</strong></span> <span class='ocrx_word' id='word_1_19' title='bbox 583 657 652 724; x_wconf 86' lang='lat' dir='ltr'><strong>vita</strong></span> <span class='ocrx_word' id='word_1_20' title='bbox 669 680 812 751; x_wconf 87' lang='lat' dir='ltr'><strong>cupere,</strong></span> <span class='ocrx_word' id='word_1_21' title='bbox 831 655 921 751; x_wconf 93' lang='lat' dir='ltr'><strong>quod</strong></span> <span class='ocrx_word' id='word_1_22' title='bbox 942 670 1001 725; x_wconf 89' lang='lat' dir='ltr'><strong>aut</strong></span> <span class='ocrx_word' id='word_1_23' title='bbox 1026 658 1125 725; x_wconf 89' lang='lat' dir='ltr'><strong>etiam</strong></span> <span class='ocrx_word' id='word_1_24' title='bbox 1153 656 1259 725; x_wconf 89' lang='lat' dir='ltr'><strong>servis</strong></span> <span class='ocrx_word' id='word_1_25' title='bbox 1280 657 1379 725; x_wconf 89' lang='lat' dir='ltr'><strong>conti·</strong></span> 
     </span>
     <span class='ocr_line' id='line_1_4' title="bbox 322 756 1248 859; baseline -0.001 -28"><span class='ocrx_word' id='word_1_26' title='bbox 322 764 425 859; x_wconf 82' lang='lat' dir='ltr'><strong>ger-it,</strong></span> <span class='ocrx_word' id='word_1_27' title='bbox 445 777 504 831; x_wconf 87' lang='lat' dir='ltr'><strong>aut</strong></span> <span class='ocrx_word' id='word_1_28' title='bbox 521 786 564 831; x_wconf 89' lang='lat' dir='ltr'><strong>ne</strong></span> <span class='ocrx_word' id='word_1_29' title='bbox 582 762 616 830; x_wconf 92' lang='lat' dir='ltr'><strong>in</strong></span> <span class='ocrx_word' id='word_1_30' title='bbox 635 762 770 858; x_wconf 84' lang='lat' dir='ltr'><strong>regibus</strong></span> <span class='ocrx_word' id='word_1_31' title='bbox 788 760 920 856; x_wconf 89' lang='lat' dir='ltr'><strong>quidem</strong></span> <span class='ocrx_word' id='word_1_32' title='bbox 941 764 1108 831; x_wconf 82' lang='lat' dir='ltr'><strong>invenerit</strong></span> <span class='ocrx_word' id='word_1_33' title='bbox 1129 756 1248 831; x_wconf 85' lang='lat' dir='ltr'><strong>linem!</strong></span> 
     </span>
    </p>

    <p class='ocr_par' dir='ltr' id='par_1_3' title="bbox 291 865 1383 1283">
     <span class='ocr_line' id='line_1_5' title="bbox 291 865 1380 963; baseline -0.001 -29"><span class='ocrx_word' id='word_1_34' title='bbox 291 901 302 934; x_wconf 90' lang='lat'>1</span> <span class='ocrx_word' id='word_1_35' title='bbox 375 871 535 938; x_wconf 85' lang='lat' dir='ltr'><strong>XLVIII.</strong></span> <span class='ocrx_word' id='word_1_36' title='bbox 564 867 711 963; x_wconf 89' lang='lat' dir='ltr'><strong>Populus</strong></span> <span class='ocrx_word' id='word_1_37' title='bbox 743 890 900 939; x_wconf 75' lang='lat' dir='ltr'><strong>romaum</strong></span> <span class='ocrx_word' id='word_1_38' title='bbox 924 867 1062 963; x_wconf 89' lang='lat' dir='ltr'><strong>stipem¹</strong></span> <span class='ocrx_word' id='word_1_39' title='bbox 1085 890 1242 963; x_wconf 83' lang='lat' dir='ltr'><strong>spargere</strong></span> <span class='ocrx_word' id='word_1_40' title='bbox 1267 865 1380 961; x_wconf 84' lang='lat' dir='ltr'><strong>ooepit,</strong></span> 
     </span>
     <span class='ocr_line' id='line_1_6' title="bbox 322 971 1382 1070; baseline -0.006 -25"><span class='ocrx_word' id='word_1_41' title='bbox 322 976 379 1070; x_wconf 88' lang='lat' dir='ltr'><strong>Sp.</strong></span> <span class='ocrx_word' id='word_1_42' title='bbox 390 975 561 1045; x_wconf 92' lang='lat' dir='ltr'><strong>Postumio</strong></span> <span class='ocrx_word' id='word_1_43' title='bbox 567 974 590 1059; x_wconf 83' lang='lat'><strong>²,</strong></span> <span class='ocrx_word' id='word_1_44' title='bbox 605 976 650 1064; x_wconf 90' lang='lat' dir='ltr'><strong>Q.</strong></span> <span class='ocrx_word' id='word_1_45' title='bbox 666 976 796 1043; x_wconf 85' lang='lat' dir='ltr'><strong>Marcio</strong></span> <span class='ocrx_word' id='word_1_46' title='bbox 811 977 1009 1044; x_wconf 83' lang='lat' dir='ltr'><strong>cossTanta</strong></span> <span class='ocrx_word' id='word_1_47' title='bbox 1021 974 1227 1043; x_wconf 89' lang='lat' dir='ltr'><strong>abunduntia</strong></span> <span class='ocrx_word' id='word_1_48' title='bbox 1243 971 1382 1067; x_wconf 74' lang='lat' dir='ltr'><strong>pecunias</strong></span> 
     </span>
     <span class='ocr_line' id='line_1_7' title="bbox 322 1076 1381 1176; baseline -0.005 -26"><span class='ocrx_word' id='word_1_49' title='bbox 322 1096 414 1166; x_wconf 85' lang='lat' dir='ltr'><strong>erat,</strong></span> <span class='ocrx_word' id='word_1_50' title='bbox 445 1095 483 1161; x_wconf 86' lang='lat' dir='ltr'><strong>ut</strong></span> <span class='ocrx_word' id='word_1_51' title='bbox 503 1104 576 1149; x_wconf 91' lang='lat' dir='ltr'><strong>eam</strong></span> <span class='ocrx_word' id='word_1_52' title='bbox 598 1082 766 1150; x_wconf 88' lang='lat' dir='ltr'><strong>conferret</strong></span> <span class='ocrx_word' id='word_1_53' title='bbox 786 1082 824 1149; x_wconf 93' lang='lat' dir='ltr'><strong>L.</strong></span> <span class='ocrx_word' id='word_1_54' title='bbox 848 1081 1014 1176; x_wconf 84' lang='lat' dir='ltr'><strong>Scipioni,</strong></span> <span class='ocrx_word' id='word_1_55' title='bbox 1037 1104 1080 1149; x_wconf 90' lang='lat' dir='ltr'><strong>ex</strong></span> <span class='ocrx_word' id='word_1_56' title='bbox 1096 1102 1161 1174; x_wconf 91' lang='lat' dir='ltr'><strong>qna</strong></span> <span class='ocrx_word' id='word_1_57' title='bbox 1179 1081 1207 1148; x_wconf 94' lang='lat' dir='ltr'><strong>is</strong></span> <span class='ocrx_word' id='word_1_58' title='bbox 1226 1077 1317 1147; x_wconf 91' lang='lat' dir='ltr'><strong>ludos</strong></span> <span class='ocrx_word' id='word_1_59' title='bbox 1334 1076 1381 1145; x_wconf 81' lang='lat' dir='ltr'><strong>fe·</strong></span> 
     </span>
     <span class='ocr_line' id='line_1_8' title="bbox 323 1172 1383 1283; baseline -0.006 -27"><span class='ocrx_word' id='word_1_60' title='bbox 323 1172 401 1257; x_wconf 84' lang='lat' dir='ltr'><strong>cit³.</strong></span> <span class='ocrx_word' id='word_1_61' title='bbox 418 1187 506 1255; x_wconf 82' lang='lat' dir='ltr'><strong>Nam</strong></span> <span class='ocrx_word' id='word_1_62' title='bbox 517 1186 609 1282; x_wconf 87' lang='lat' dir='ltr'><strong>quod</strong></span> <span class='ocrx_word' id='word_1_63' title='bbox 624 1174 797 1283; x_wconf 76' lang='lat' dir='ltr'><strong>Agrippae⁴</strong></span> <span class='ocrx_word' id='word_1_64' title='bbox 808 1188 966 1256; x_wconf 89' lang='lat' dir='ltr'><strong>Menenio</strong></span> <span class='ocrx_word' id='word_1_65' title='bbox 980 1200 1144 1257; x_wconf 78' lang='lat' dir='ltr'><strong>sextantes</strong></span> <span class='ocrx_word' id='word_1_66' title='bbox 1156 1186 1230 1254; x_wconf 74' lang='lat' dir='ltr'><strong>seris</strong></span> <span class='ocrx_word' id='word_1_67' title='bbox 1243 1185 1275 1253; x_wconf 88' lang='lat' dir='ltr'><strong>in</strong></span> <span class='ocrx_word' id='word_1_68' title='bbox 1290 1182 1383 1252; x_wconf 85' lang='lat' dir='ltr'><strong>funus</strong></span> 
     </span>
    </p>

    <p class='ocr_par' dir='ltr' id='par_1_4' title="bbox 260 1290 1385 1495">
     <span class='ocr_line' id='line_1_9' title="bbox 260 1290 1385 1388; baseline -0.006 -25"><span class='ocrx_word' id='word_1_69' title='bbox 260 1334 263 1340; x_wconf 78' lang='lat'><em>,</em></span> <span class='ocrx_word' id='word_1_70' title='bbox 321 1290 481 1378; x_wconf 86' lang='lat' dir='ltr'><strong>contulit,</strong></span> <span class='ocrx_word' id='word_1_71' title='bbox 506 1292 643 1361; x_wconf 85' lang='lat' dir='ltr'><strong>honoris</strong></span> <span class='ocrx_word' id='word_1_72' title='bbox 665 1292 700 1361; x_wconf 91' lang='lat' dir='ltr'><strong>id</strong></span> <span class='ocrx_word' id='word_1_73' title='bbox 719 1292 987 1387; x_wconf 84' lang='lat' dir='ltr'><strong>necessitatisque</strong></span> <span class='ocrx_word' id='word_1_74' title='bbox 1002 1306 1141 1388; x_wconf 88' lang='lat' dir='ltr'><strong>propter</strong></span> <span class='ocrx_word' id='word_1_75' title='bbox 1161 1304 1385 1387; x_wconf 79' lang='lat' dir='ltr'><strong>paupertatem</strong></span> 
     </span>
     <span class='ocr_line' id='line_1_10' title="bbox 325 1397 1044 1495; baseline -0.003 -27"><span class='ocrx_word' id='word_1_76' title='bbox 325 1401 497 1495; x_wconf 73' lang='lat' dir='ltr'><strong>Agrippas,</strong></span> <span class='ocrx_word' id='word_1_77' title='bbox 515 1423 585 1467; x_wconf 87' lang='lat' dir='ltr'><strong>non</strong></span> <span class='ocrx_word' id='word_1_78' title='bbox 603 1398 786 1493; x_wconf 82' lang='lat' dir='ltr'><strong>largitionis</strong></span> <span class='ocrx_word' id='word_1_79' title='bbox 806 1422 877 1468; x_wconf 89' lang='lat' dir='ltr'><strong>esse</strong></span> <span class='ocrx_word' id='word_1_80' title='bbox 894 1397 1044 1469; x_wconf 83' lang='lat' dir='ltr'><strong>dixerim.</strong></span> 
     </span>
    </p>

    <p class='ocr_par' dir='ltr' id='par_1_5' title="bbox 291 1496 1387 1707">
     <span class='ocr_line' id='line_1_11' title="bbox 291 1496 1386 1600; baseline -0.005 -26"><span class='ocrx_word' id='word_1_81' title='bbox 291 1548 302 1582; x_wconf 77' lang='lat'>1</span> <span class='ocrx_word' id='word_1_82' title='bbox 375 1496 1386 1600; x_wconf 69' lang='lat' dir='ltr'><strong>XLlX.(xilvasaexargentomirainconstantiahumaniin-</strong></span> 
     </span>
     <span class='ocr_line' id='line_1_12' title="bbox 323 1608 1387 1707; baseline -0.007 -25"><span class='ocrx_word' id='word_1_83' title='bbox 323 1612 411 1707; x_wconf 82' lang='lat' dir='ltr'><strong>genii</strong></span> <span class='ocrx_word' id='word_1_84' title='bbox 429 1612 552 1697; x_wconf 77' lang='lat' dir='ltr'><strong>variat,</strong></span> <span class='ocrx_word' id='word_1_85' title='bbox 574 1608 702 1679; x_wconf 89' lang='lat' dir='ltr'><strong>nullum</strong></span> <span class='ocrx_word' id='word_1_86' title='bbox 727 1636 831 1706; x_wconf 83' lang='lat' dir='ltr'><strong>genus</strong></span> <span class='ocrx_word' id='word_1_87' title='bbox 849 1610 992 1682; x_wconf 84' lang='lat' dir='ltr'><strong>officinae</strong></span> <span class='ocrx_word' id='word_1_88' title='bbox 1010 1610 1067 1681; x_wconf 90' lang='lat' dir='ltr'><strong>diu</strong></span> <span class='ocrx_word' id='word_1_89' title='bbox 1090 1610 1283 1706; x_wconf 82' lang='lat' dir='ltr'><strong>probando,</strong></span> <span class='ocrx_word' id='word_1_90' title='bbox 1301 1630 1387 1675; x_wconf 91' lang='lat' dir='ltr'><strong>nunc</strong></span> 
     </span>
    </p>
   </div>
   <div class='ocr_carea' id='block_1_3' title="bbox 324 1836 1392 4142">
    <p class='ocr_par' dir='ltr' id='par_1_6' title="bbox 324 1836 1392 4142">
     <span class='ocr_line' id='line_1_13' title="bbox 325 1836 1388 1911; baseline 0 -20"><span class='ocrx_word' id='word_1_91' title='bbox 325 1838 429 1911; x_wconf 76' lang='lat' dir='ltr'><strong>posuit.</strong></span> <span class='ocrx_word' id='word_1_92' title='bbox 454 1850 482 1892; x_wconf 84' lang='lat' dir='ltr'><strong>et</strong></span> <span class='ocrx_word' id='word_1_93' title='bbox 507 1838 557 1893; x_wconf 87' lang='lat' dir='ltr'><strong>bac</strong></span> <span class='ocrx_word' id='word_1_94' title='bbox 581 1838 691 1893; x_wconf 79' lang='lat' dir='ltr'><strong>victima</strong></span> <span class='ocrx_word' id='word_1_95' title='bbox 715 1840 837 1894; x_wconf 78' lang='lat' dir='ltr'><strong>lustravit</strong></span> <span class='ocrx_word' id='word_1_96' title='bbox 882 1840 1019 1895; x_wconf 82' lang='lat' dir='ltr'><strong>Ciceronis</strong></span> <span class='ocrx_word' id='word_1_97' title='bbox 1034 1840 1082 1893; x_wconf 93' lang='lat' dir='ltr'><strong>lib.</strong></span> <span class='ocrx_word' id='word_1_98' title='bbox 1097 1840 1158 1904; x_wconf 87' lang='lat' dir='ltr'><strong>VI,</strong></span> <span class='ocrx_word' id='word_1_99' title='bbox 1173 1836 1208 1892; x_wconf 88' lang='lat' dir='ltr'><strong>de</strong></span> <span class='ocrx_word' id='word_1_100' title='bbox 1222 1836 1388 1911; x_wconf 82' lang='lat' dir='ltr'><strong>Republilla</strong></span> 
     </span>
     <span class='ocr_line' id='line_1_14' title="bbox 325 1917 1388 1990; baseline -0.001 -19"><span class='ocrx_word' id='word_1_101' title='bbox 325 1918 482 1973; x_wconf 78' lang='lat' dir='ltr'><strong>exereitum.</strong></span> <span class='ocrx_word' id='word_1_102' title='bbox 494 1917 592 1973; x_wconf 71' lang='lat' dir='ltr'><strong>Senem</strong></span> <span class='ocrx_word' id='word_1_103' title='bbox 603 1917 708 1982; x_wconf 78' lang='lat' dir='ltr'><strong>deira,</strong></span> <span class='ocrx_word' id='word_1_104' title='bbox 720 1920 763 1971; x_wconf 86' lang='lat' dir='ltr'><strong>lll</strong></span> <span class='ocrx_word' id='word_1_105' title='bbox 770 1958 778 1985; x_wconf 84' lang='lat'><em>,</em></span> <span class='ocrx_word' id='word_1_106' title='bbox 793 1936 837 1990; x_wconf 76' lang='lat'><strong>173</strong></span> <span class='ocrx_word' id='word_1_107' title='bbox 882 1918 916 1973; x_wconf 90' lang='lat' dir='ltr'><strong>de</strong></span> <span class='ocrx_word' id='word_1_108' title='bbox 927 1938 958 1974; x_wconf 86' lang='lat' dir='ltr'><strong>re</strong></span> <span class='ocrx_word' id='word_1_109' title='bbox 968 1921 1025 1974; x_wconf 81' lang='lat' dir='ltr'><strong>haee</strong></span> <span class='ocrx_word' id='word_1_110' title='bbox 1036 1921 1115 1973; x_wconf 87' lang='lat' dir='ltr'><strong>citat:</strong></span> <span class='ocrx_word' id='word_1_111' title='bbox 1129 1946 1141 1967; x_wconf 84' lang='grc' dir='ltr'>ι</span> <span class='ocrx_word' id='word_1_112' title='bbox 1157 1918 1317 1973; x_wconf 74' lang='lat' dir='ltr'><strong>Meministis</strong></span> <span class='ocrx_word' id='word_1_113' title='bbox 1328 1936 1388 1971; x_wconf 87' lang='lat' dir='ltr'><strong>con·</strong></span> 
     </span>
     <span class='ocr_line' id='line_1_15' title="bbox 327 1996 1389 2069; baseline 0 -18"><span class='ocrx_word' id='word_1_114' title='bbox 327 1996 427 2051; x_wconf 83' lang='lat' dir='ltr'><strong>Herod.</strong></span> <span class='ocrx_word' id='word_1_115' title='bbox 438 1998 490 2050; x_wconf 90' lang='lat' dir='ltr'><strong>loc.</strong></span> <span class='ocrx_word' id='word_1_116' title='bbox 503 1998 547 2051; x_wconf 87' lang='lat' dir='ltr'><strong>cit.</strong></span> <span class='ocrx_word' id='word_1_117' title='bbox 557 2018 584 2051; x_wconf 95' lang='lat' dir='ltr'><strong>n.</strong></span> <span class='ocrx_word' id='word_1_118' title='bbox 599 1997 647 2069; x_wconf 81' lang='grc'><strong>39,</strong></span> <span class='ocrx_word' id='word_1_119' title='bbox 660 2012 686 2053; x_wconf 87' lang='lat' dir='ltr'><strong>et</strong></span> <span class='ocrx_word' id='word_1_120' title='bbox 698 1999 771 2053; x_wconf 86' lang='lat' dir='ltr'><strong>Plnt.</strong></span> <span class='ocrx_word' id='word_1_121' title='bbox 786 1999 837 2051; x_wconf 90' lang='lat' dir='ltr'><strong>loc.</strong></span> <span class='ocrx_word' id='word_1_122' title='bbox 882 2018 962 2053; x_wconf 87' lang='lat' dir='ltr'><strong>cursu</strong></span> <span class='ocrx_word' id='word_1_123' title='bbox 984 2000 1121 2053; x_wconf 77' lang='lat' dir='ltr'><strong>levissime</strong></span> <span class='ocrx_word' id='word_1_124' title='bbox 1145 1996 1342 2062; x_wconf 85' lang='lat' dir='ltr'><strong>multitudinis,</strong></span> <span class='ocrx_word' id='word_1_125' title='bbox 1365 2010 1389 2051; x_wconf 85' lang='lat' dir='ltr'><strong>et</strong></span> 
     </span>
     <span class='ocr_line' id='line_1_16' title="bbox 326 2076 1389 2151; baseline 0.001 -22"><span class='ocrx_word' id='word_1_126' title='bbox 326 2078 372 2130; x_wconf 88' lang='lat' dir='ltr'><strong>cit.</strong></span> <span class='ocrx_word' id='word_1_127' title='bbox 388 2095 449 2148; x_wconf 75' lang='lat' dir='ltr'><strong>pag.</strong></span> <span class='ocrx_word' id='word_1_128' title='bbox 465 2079 530 2131; x_wconf 77' lang='lat'><strong>263.</strong></span> <span class='ocrx_word' id='word_1_129' title='bbox 548 2078 639 2133; x_wconf 78' lang='lat' dir='ltr'><strong>Haeo.</strong></span> <span class='ocrx_word' id='word_1_130' title='bbox 661 2109 701 2122; x_wconf 89' lang='lat'><strong>--</strong></span> <span class='ocrx_word' id='word_1_131' title='bbox 717 2077 841 2130; x_wconf 76' lang='lat' dir='ltr'><strong>Senectuti</strong></span> <span class='ocrx_word' id='word_1_132' title='bbox 884 2098 935 2133; x_wconf 80' lang='lat' dir='ltr'><strong>aare</strong></span> <span class='ocrx_word' id='word_1_133' title='bbox 950 2092 1093 2151; x_wconf 75' lang='lat' dir='ltr'><strong>congesto,</strong></span> <span class='ocrx_word' id='word_1_134' title='bbox 1107 2079 1186 2132; x_wconf 81' lang='lat' dir='ltr'><strong>funus</strong></span> <span class='ocrx_word' id='word_1_135' title='bbox 1199 2076 1322 2131; x_wconf 83' lang='lat' dir='ltr'><strong>desubito</strong></span> <span class='ocrx_word' id='word_1_136' title='bbox 1338 2094 1389 2129; x_wconf 81' lang='lat' dir='ltr'><strong>esso</strong></span> 
     </span>
     <span class='ocr_line' id='line_1_17' title="bbox 326 2156 1390 2217; baseline 0 -9"><span class='ocrx_word' id='word_1_137' title='bbox 326 2177 377 2209; x_wconf 82' lang='lat' dir='ltr'><strong>siue</strong></span> <span class='ocrx_word' id='word_1_138' title='bbox 398 2160 422 2208; x_wconf 84' lang='lat' dir='ltr'><strong>in</strong></span> <span class='ocrx_word' id='word_1_139' title='bbox 444 2156 546 2210; x_wconf 79' lang='lat' dir='ltr'><strong>delecta.</strong></span> <span class='ocrx_word' id='word_1_140' title='bbox 572 2158 675 2211; x_wconf 86' lang='lat' dir='ltr'><strong>Broter.</strong></span> <span class='ocrx_word' id='word_1_141' title='bbox 702 2176 733 2211; x_wconf 83' lang='lat' dir='ltr'><strong>er</strong></span> <span class='ocrx_word' id='word_1_142' title='bbox 758 2156 838 2211; x_wconf 88' lang='lat' dir='ltr'><strong>codd.</strong></span> <span class='ocrx_word' id='word_1_143' title='bbox 883 2170 1015 2213; x_wconf 87' lang='lat' dir='ltr'><strong>curatum.</strong></span> <span class='ocrx_word' id='word_1_144' title='bbox 1035 2184 1046 2205; x_wconf 81' lang='grc' dir='ltr'>ι</span> <span class='ocrx_word' id='word_1_145' title='bbox 1064 2160 1131 2212; x_wconf 78' lang='lat' dir='ltr'><strong>Dar..</strong></span> <span class='ocrx_word' id='word_1_146' title='bbox 1144 2158 1266 2210; x_wconf 81' lang='lat' dir='ltr'><strong>-Nann</strong></span> <span class='ocrx_word' id='word_1_147' title='bbox 1283 2156 1390 2217; x_wconf 65' lang='lat' dir='ltr'><strong>Lien,</strong></span> 
     </span>
     <span class='ocr_line' id='line_1_18' title="bbox 327 2236 1390 2309; baseline -0.002 -20"><span class='ocrx_word' id='word_1_148' title='bbox 327 2238 410 2307; x_wconf 74' lang='lat' dir='ltr'><strong>liegg.</strong></span> <span class='ocrx_word' id='word_1_149' title='bbox 429 2257 444 2289; x_wconf 79' lang='lat' dir='ltr'><strong>r</strong></span> <span class='ocrx_word' id='word_1_150' title='bbox 462 2249 486 2289; x_wconf 89' lang='lat' dir='ltr'><strong>et</strong></span> <span class='ocrx_word' id='word_1_151' title='bbox 501 2236 534 2298; x_wconf 83' lang='grc'><strong>3,</strong></span> <span class='ocrx_word' id='word_1_152' title='bbox 565 2238 616 2291; x_wconf 76' lang='lat' dir='ltr'><strong>«in</strong></span> <span class='ocrx_word' id='word_1_153' title='bbox 637 2236 744 2291; x_wconf 85' lang='lat' dir='ltr'><strong>delectu</strong></span> <span class='ocrx_word' id='word_1_154' title='bbox 766 2256 840 2291; x_wconf 89' lang='lat' dir='ltr'><strong>sene·</strong></span> <span class='ocrx_word' id='word_1_155' title='bbox 883 2256 910 2308; x_wconf 90' lang='lat' dir='ltr'><strong>p.</strong></span> <span class='ocrx_word' id='word_1_156' title='bbox 921 2237 955 2291; x_wconf 81' lang='lat'><strong>33</strong></span> <span class='ocrx_word' id='word_1_157' title='bbox 970 2256 999 2291; x_wconf 75' lang='lat'><strong>:-</strong></span> <span class='ocrx_word' id='word_1_158' title='bbox 1014 2236 1116 2291; x_wconf 87' lang='lat' dir='ltr'><strong>Eodem</strong></span> <span class='ocrx_word' id='word_1_159' title='bbox 1127 2256 1197 2289; x_wconf 87' lang='lat' dir='ltr'><strong>anno</strong></span> <span class='ocrx_word' id='word_1_160' title='bbox 1208 2237 1327 2309; x_wconf 74' lang='lat' dir='ltr'><strong>Agrippa</strong></span> <span class='ocrx_word' id='word_1_161' title='bbox 1336 2236 1390 2289; x_wconf 79' lang='lat' dir='ltr'><strong>tte·</strong></span> 
     </span>
     <span class='ocr_line' id='line_1_19' title="bbox 327 2316 1389 2387; baseline -0.002 -17"><span class='ocrx_word' id='word_1_162' title='bbox 327 2317 394 2370; x_wconf 85' lang='lat' dir='ltr'><strong>etuti</strong></span> <span class='ocrx_word' id='word_1_163' title='bbox 410 2332 472 2368; x_wconf 80' lang='lat' dir='ltr'><strong>sute.</strong></span> <span class='ocrx_word' id='word_1_164' title='bbox 484 2342 497 2363; x_wconf 73' lang='grc' dir='ltr'>ι</span> <span class='ocrx_word' id='word_1_165' title='bbox 515 2317 568 2369; x_wconf 83' lang='grc' dir='ltr'><strong>Ει).</strong></span> <span class='ocrx_word' id='word_1_166' title='bbox 882 2318 979 2371; x_wconf 89' lang='lat' dir='ltr'><strong>ncnins</strong></span> <span class='ocrx_word' id='word_1_167' title='bbox 987 2318 1102 2370; x_wconf 82' lang='lat' dir='ltr'><strong>moritur</strong></span> <span class='ocrx_word' id='word_1_168' title='bbox 1111 2356 1131 2370; x_wconf 85' lang='lat'><strong>..</strong></span> <span class='ocrx_word' id='word_1_169' title='bbox 1142 2316 1225 2370; x_wconf 81' lang='lat' dir='ltr'><strong>.Huie</strong></span> <span class='ocrx_word' id='word_1_170' title='bbox 1233 2356 1253 2369; x_wconf 92' lang='lat'><strong>..</strong></span> <span class='ocrx_word' id='word_1_171' title='bbox 1264 2328 1389 2387; x_wconf 80' lang='lat' dir='ltr'><strong>,sumptus</strong></span> 
     </span>
     <span class='ocr_line' id='line_1_20' title="bbox 367 2394 1390 2467; baseline -0.002 -19"><span class='ocrx_word' id='word_1_172' title='bbox 367 2395 494 2448; x_wconf 83' lang='lat' dir='ltr'><strong>XLVIII.</strong></span> <span class='ocrx_word' id='word_1_173' title='bbox 511 2414 535 2449; x_wconf 84' lang='lat' dir='ltr'><strong>a.</strong></span> <span class='ocrx_word' id='word_1_174' title='bbox 549 2396 657 2467; x_wconf 81' lang='lat' dir='ltr'><strong>Populus</strong></span> <span class='ocrx_word' id='word_1_175' title='bbox 673 2416 784 2449; x_wconf 75' lang='lat' dir='ltr'><strong>rossam</strong></span> <span class='ocrx_word' id='word_1_176' title='bbox 799 2400 841 2448; x_wconf 87' lang='lat' dir='ltr'><strong>sti·</strong></span> <span class='ocrx_word' id='word_1_177' title='bbox 884 2397 974 2450; x_wconf 75' lang='lat' dir='ltr'><strong>funeri</strong></span> <span class='ocrx_word' id='word_1_178' title='bbox 998 2396 1092 2451; x_wconf 85' lang='lat' dir='ltr'><strong>deluit.</strong></span> <span class='ocrx_word' id='word_1_179' title='bbox 1111 2395 1219 2451; x_wconf 78' lang='lat' dir='ltr'><strong>Extulit</strong></span> <span class='ocrx_word' id='word_1_180' title='bbox 1236 2414 1298 2449; x_wconf 86' lang='lat' dir='ltr'><strong>eum</strong></span> <span class='ocrx_word' id='word_1_181' title='bbox 1320 2394 1390 2466; x_wconf 88' lang='lat' dir='ltr'><strong>plebs</strong></span> 
     </span>
     <span class='ocr_line' id='line_1_21' title="bbox 324 2474 1390 2548; baseline 0 -21"><span class='ocrx_word' id='word_1_182' title='bbox 324 2494 379 2546; x_wconf 73' lang='lat' dir='ltr'><strong>pm</strong></span> <span class='ocrx_word' id='word_1_183' title='bbox 394 2492 508 2545; x_wconf 65' lang='lat' dir='ltr'><strong>spargere</strong></span> <span class='ocrx_word' id='word_1_184' title='bbox 519 2480 605 2548; x_wconf 73' lang='lat' dir='ltr'><strong>cepit,</strong></span> <span class='ocrx_word' id='word_1_185' title='bbox 619 2489 670 2531; x_wconf 89' lang='lat' dir='ltr'><strong>etc.</strong></span> <span class='ocrx_word' id='word_1_186' title='bbox 679 2475 840 2531; x_wconf 78' lang='lat' dir='ltr'><strong>Voluntaria</strong></span> <span class='ocrx_word' id='word_1_187' title='bbox 883 2477 1047 2532; x_wconf 82' lang='lat' dir='ltr'><strong>sextantibus</strong></span> <span class='ocrx_word' id='word_1_188' title='bbox 1055 2476 1156 2531; x_wconf 88' lang='lat' dir='ltr'><strong>collatis</strong></span> <span class='ocrx_word' id='word_1_189' title='bbox 1166 2476 1194 2529; x_wconf 92' lang='lat' dir='ltr'><strong>in</strong></span> <span class='ocrx_word' id='word_1_190' title='bbox 1205 2477 1308 2548; x_wconf 85' lang='lat' dir='ltr'><strong>capita,</strong></span> <span class='ocrx_word' id='word_1_191' title='bbox 1319 2501 1329 2522; x_wconf 85' lang='lat'>·</span> <span class='ocrx_word' id='word_1_192' title='bbox 1341 2474 1390 2527; x_wconf 86' lang='lat' dir='ltr'><strong>boe</strong></span> 
     </span>
     <span class='ocr_line' id='line_1_22' title="bbox 327 2553 1390 2631; baseline 0 -24"><span class='ocrx_word' id='word_1_193' title='bbox 327 2556 386 2626; x_wconf 68' lang='lat' dir='ltr'><strong>bueo</strong></span> <span class='ocrx_word' id='word_1_194' title='bbox 397 2554 503 2626; x_wconf 77' lang='lat' dir='ltr'><strong>largitio</strong></span> <span class='ocrx_word' id='word_1_195' title='bbox 516 2558 636 2631; x_wconf 81' lang='lat' dir='ltr'><strong>pecunias</strong></span> <span class='ocrx_word' id='word_1_196' title='bbox 645 2557 755 2628; x_wconf 85' lang='lat' dir='ltr'><strong>publica</strong></span> <span class='ocrx_word' id='word_1_197' title='bbox 767 2556 839 2610; x_wconf 85' lang='lat' dir='ltr'><strong>fuit:</strong></span> <span class='ocrx_word' id='word_1_198' title='bbox 884 2569 939 2618; x_wconf 85' lang='lat' dir='ltr'><strong>est,</strong></span> <span class='ocrx_word' id='word_1_199' title='bbox 959 2569 1027 2610; x_wconf 87' lang='lat' dir='ltr'><strong>sexta</strong></span> <span class='ocrx_word' id='word_1_200' title='bbox 1049 2569 1124 2629; x_wconf 89' lang='lat' dir='ltr'><strong>parte</strong></span> <span class='ocrx_word' id='word_1_201' title='bbox 1146 2556 1224 2620; x_wconf 65' lang='lat' dir='ltr'><strong>assis,</strong></span> <span class='ocrx_word' id='word_1_202' title='bbox 1245 2575 1290 2609; x_wconf 88' lang='lat' dir='ltr'><strong>seu</strong></span> <span class='ocrx_word' id='word_1_203' title='bbox 1310 2553 1390 2607; x_wconf 82' lang='lat' dir='ltr'><strong>unciis</strong></span> 
     </span>
     <span class='ocr_line' id='line_1_23' title="bbox 328 2633 1390 2702; baseline 0 -16"><span class='ocrx_word' id='word_1_204' title='bbox 328 2648 355 2687; x_wconf 88' lang='lat' dir='ltr'><strong>at</strong></span> <span class='ocrx_word' id='word_1_205' title='bbox 375 2634 465 2688; x_wconf 82' lang='lat' dir='ltr'><strong>multis</strong></span> <span class='ocrx_word' id='word_1_206' title='bbox 489 2649 551 2688; x_wconf 89' lang='lat' dir='ltr'><strong>ante</strong></span> <span class='ocrx_word' id='word_1_207' title='bbox 578 2637 653 2692; x_wconf 86' lang='lat' dir='ltr'><strong>annis</strong></span> <span class='ocrx_word' id='word_1_208' title='bbox 676 2655 710 2689; x_wconf 85' lang='lat' dir='ltr'><strong>ex</strong></span> <span class='ocrx_word' id='word_1_209' title='bbox 736 2635 841 2702; x_wconf 86' lang='lat' dir='ltr'><strong>edicto,</strong></span> <span class='ocrx_word' id='word_1_210' title='bbox 884 2635 986 2690; x_wconf 87' lang='lat' dir='ltr'><strong>duabus</strong></span> <span class='ocrx_word' id='word_1_211' title='bbox 999 2655 1006 2689; x_wconf 73' lang='grc' dir='ltr'><strong><em>ε</em></strong></span> <span class='ocrx_word' id='word_1_212' title='bbox 1020 2654 1047 2690; x_wconf 87' lang='lat' dir='ltr'><strong>as</strong></span> <span class='ocrx_word' id='word_1_213' title='bbox 1060 2636 1131 2689; x_wconf 86' lang='lat' dir='ltr'><strong>enirn</strong></span> <span class='ocrx_word' id='word_1_214' title='bbox 1146 2633 1278 2689; x_wconf 87' lang='lat' dir='ltr'><strong>duodenis</strong></span> <span class='ocrx_word' id='word_1_215' title='bbox 1294 2645 1390 2688; x_wconf 86' lang='lat' dir='ltr'><strong>consta·</strong></span> 
     </span>
     <span class='ocr_line' id='line_1_24' title="bbox 327 2711 1391 2786; baseline 0 -20"><span class='ocrx_word' id='word_1_216' title='bbox 327 2711 453 2786; x_wconf 85' lang='lat' dir='ltr'><strong>quando,</strong></span> <span class='ocrx_word' id='word_1_217' title='bbox 478 2727 509 2768; x_wconf 84' lang='lat' dir='ltr'><strong>nt</strong></span> <span class='ocrx_word' id='word_1_218' title='bbox 530 2715 623 2769; x_wconf 73' lang='lat' dir='ltr'><strong>Livius</strong></span> <span class='ocrx_word' id='word_1_219' title='bbox 644 2716 726 2770; x_wconf 81' lang='lat' dir='ltr'><strong>ret‘ert</strong></span> <span class='ocrx_word' id='word_1_220' title='bbox 751 2716 841 2780; x_wconf 83' lang='lat' dir='ltr'>XXV,</span> <span class='ocrx_word' id='word_1_221' title='bbox 883 2715 1013 2781; x_wconf 88' lang='lat' dir='ltr'><strong>bst‚nam</strong></span> <span class='ocrx_word' id='word_1_222' title='bbox 1025 2714 1089 2769; x_wconf 87' lang='lat' dir='ltr'><strong>inde</strong></span> <span class='ocrx_word' id='word_1_223' title='bbox 1100 2715 1211 2769; x_wconf 77' lang='lat' dir='ltr'><strong>scatenti</strong></span> <span class='ocrx_word' id='word_1_224' title='bbox 1222 2714 1391 2781; x_wconf 81' lang='lat' dir='ltr'><strong>nomemlloe</strong></span> 
     </span>
     <span class='ocr_line' id='line_1_25' title="bbox 329 2793 1392 2868; baseline 0 -22"><span class='ocrx_word' id='word_1_225' title='bbox 329 2813 356 2864; x_wconf 90' lang='lat' dir='ltr'><strong>p.</strong></span> <span class='ocrx_word' id='word_1_226' title='bbox 374 2797 441 2864; x_wconf 74' lang='lat'><strong>²⁶7⁹</strong></span> <span class='ocrx_word' id='word_1_227' title='bbox 459 2793 577 2848; x_wconf 76' lang='lat' dir='ltr'><strong>«Ludos</strong></span> <span class='ocrx_word' id='word_1_228' title='bbox 592 2809 692 2868; x_wconf 77' lang='lat' dir='ltr'><strong>pretor</strong></span> <span class='ocrx_word' id='word_1_229' title='bbox 710 2796 739 2848; x_wconf 94' lang='lat' dir='ltr'><strong>in</strong></span> <span class='ocrx_word' id='word_1_230' title='bbox 758 2795 840 2849; x_wconf 86' lang='lat' dir='ltr'><strong>Circo</strong></span> <span class='ocrx_word' id='word_1_231' title='bbox 883 2796 969 2865; x_wconf 88' lang='lat' dir='ltr'><strong>ipsum</strong></span> <span class='ocrx_word' id='word_1_232' title='bbox 991 2795 1101 2866; x_wconf 75' lang='lat' dir='ltr'><strong>eleganti</strong></span> <span class='ocrx_word' id='word_1_233' title='bbox 1119 2793 1243 2847; x_wconf 87' lang='lat' dir='ltr'><strong>oratione</strong></span> <span class='ocrx_word' id='word_1_234' title='bbox 1257 2805 1352 2848; x_wconf 38' lang='lat' dir='ltr'><strong>*namt</strong></span> <span class='ocrx_word' id='word_1_235' title='bbox 1367 2803 1392 2846; x_wconf 84' lang='lat' dir='ltr'><strong>et</strong></span> 
     </span>
     <span class='ocr_line' id='line_1_26' title="bbox 329 2873 1392 2945; baseline 0.001 -19"><span class='ocrx_word' id='word_1_236' title='bbox 329 2873 536 2945; x_wconf 79' lang='lat' dir='ltr'><strong>maximoquum</strong></span> <span class='ocrx_word' id='word_1_237' title='bbox 543 2875 659 2929; x_wconf 79' lang='lat' dir='ltr'><strong>foeturas</strong></span> <span class='ocrx_word' id='word_1_238' title='bbox 665 2888 742 2938; x_wconf 87' lang='lat' dir='ltr'><strong>esset,</strong></span> <span class='ocrx_word' id='word_1_239' title='bbox 748 2873 840 2939; x_wconf 86' lang='lat' dir='ltr'><strong>edixit,</strong></span> <span class='ocrx_word' id='word_1_240' title='bbox 884 2875 944 2928; x_wconf 82' lang='lat' dir='ltr'><strong>Vsl.</strong></span> <span class='ocrx_word' id='word_1_241' title='bbox 958 2875 1030 2928; x_wconf 80' lang='lat' dir='ltr'><strong>Max.</strong></span> <span class='ocrx_word' id='word_1_242' title='bbox 1044 2876 1094 2938; x_wconf 88' lang='lat' dir='ltr'><strong>lV,</strong></span> <span class='ocrx_word' id='word_1_243' title='bbox 1108 2880 1123 2938; x_wconf 68' lang='lat' dir='ltr'><strong>A</strong></span> <span class='ocrx_word' id='word_1_244' title='bbox 1135 2912 1144 2938; x_wconf 88' lang='lat'>,</span> <span class='ocrx_word' id='word_1_245' title='bbox 1156 2891 1184 2926; x_wconf 88' lang='lat' dir='ltr'><strong>n.</strong></span> <span class='ocrx_word' id='word_1_246' title='bbox 1198 2895 1224 2926; x_wconf 78' lang='lat' dir='ltr'><strong>s.</strong></span> <span class='ocrx_word' id='word_1_247' title='bbox 1234 2875 1303 2927; x_wconf 82' lang='lat' dir='ltr'><strong>Item</strong></span> <span class='ocrx_word' id='word_1_248' title='bbox 1316 2873 1392 2926; x_wconf 86' lang='lat' dir='ltr'><strong>Sene·</strong></span> 
     </span>
     <span class='ocr_line' id='line_1_27' title="bbox 328 2949 1392 3026; baseline -0.001 -20"><span class='ocrx_word' id='word_1_249' title='bbox 328 2965 359 3006; x_wconf 84' lang='lat' dir='ltr'><strong>ut</strong></span> <span class='ocrx_word' id='word_1_250' title='bbox 378 2954 497 3024; x_wconf 86' lang='lat' dir='ltr'><strong>populos</strong></span> <span class='ocrx_word' id='word_1_251' title='bbox 514 2973 564 3026; x_wconf 84' lang='lat' dir='ltr'><strong>per</strong></span> <span class='ocrx_word' id='word_1_252' title='bbox 582 2974 628 3008; x_wconf 90' lang='lat' dir='ltr'><strong>eos</strong></span> <span class='ocrx_word' id='word_1_253' title='bbox 645 2954 727 3008; x_wconf 83' lang='lat' dir='ltr'><strong>ludos</strong></span> <span class='ocrx_word' id='word_1_254' title='bbox 743 2955 839 3026; x_wconf 83' lang='lat' dir='ltr'><strong>stipem</strong></span> <span class='ocrx_word' id='word_1_255' title='bbox 883 2973 913 3008; x_wconf 80' lang='lat' dir='ltr'><strong>ca</strong></span> <span class='ocrx_word' id='word_1_256' title='bbox 929 2953 963 3008; x_wconf 93' lang='lat' dir='ltr'><strong>de</strong></span> <span class='ocrx_word' id='word_1_257' title='bbox 976 2955 1084 3009; x_wconf 90' lang='lat' dir='ltr'><strong>Consol.</strong></span> <span class='ocrx_word' id='word_1_258' title='bbox 1102 2952 1136 3006; x_wconf 86' lang='lat' dir='ltr'><strong>ad</strong></span> <span class='ocrx_word' id='word_1_259' title='bbox 1151 2953 1228 3006; x_wconf 75' lang='lat' dir='ltr'><strong>Heln.</strong></span> <span class='ocrx_word' id='word_1_260' title='bbox 1243 2971 1268 3006; x_wconf 88' lang='lat' dir='ltr'><strong>e.</strong></span> <span class='ocrx_word' id='word_1_261' title='bbox 1289 2971 1333 3007; x_wconf 81' lang='lat' dir='ltr'><strong>re.</strong></span> <span class='ocrx_word' id='word_1_262' title='bbox 1344 2949 1392 3005; x_wconf 78' lang='lat' dir='ltr'><strong>Fu·</strong></span> 
     </span>
     <span class='ocr_line' id='line_1_28' title="bbox 330 3031 1391 3106; baseline 0.001 -23"><span class='ocrx_word' id='word_1_263' title='bbox 330 3031 461 3104; x_wconf 81' lang='lat' dir='ltr'><strong>Apollini,</strong></span> <span class='ocrx_word' id='word_1_264' title='bbox 475 3046 606 3104; x_wconf 85' lang='lat' dir='ltr'><strong>quantum</strong></span> <span class='ocrx_word' id='word_1_265' title='bbox 618 3032 790 3087; x_wconf 83' lang='lat' dir='ltr'><strong>commodum</strong></span> <span class='ocrx_word' id='word_1_266' title='bbox 803 3051 841 3086; x_wconf 87' lang='lat' dir='ltr'><strong>es·</strong></span> <span class='ocrx_word' id='word_1_267' title='bbox 884 3047 940 3088; x_wconf 84' lang='lat' dir='ltr'><strong>erat</strong></span> <span class='ocrx_word' id='word_1_268' title='bbox 952 3035 1071 3106; x_wconf 77' lang='lat' dir='ltr'><strong>Agrippa</strong></span> <span class='ocrx_word' id='word_1_269' title='bbox 1080 3033 1149 3086; x_wconf 84' lang='lat' dir='ltr'><strong>inter</strong></span> <span class='ocrx_word' id='word_1_270' title='bbox 1155 3032 1245 3086; x_wconf 85' lang='lat' dir='ltr'><strong>Patres</strong></span> <span class='ocrx_word' id='word_1_271' title='bbox 1252 3051 1282 3086; x_wconf 89' lang='lat' dir='ltr'><strong>ac</strong></span> <span class='ocrx_word' id='word_1_272' title='bbox 1290 3032 1391 3104; x_wconf 79' lang='lat' dir='ltr'><strong>plebem</strong></span> 
     </span>
     <span class='ocr_line' id='line_1_29' title="bbox 327 3111 1392 3184; baseline -0.002 -19"><span class='ocrx_word' id='word_1_273' title='bbox 327 3125 383 3176; x_wconf 86' lang='lat' dir='ltr'><strong>set,</strong></span> <span class='ocrx_word' id='word_1_274' title='bbox 395 3113 537 3167; x_wconf 76' lang='lat' dir='ltr'><strong>conferret.</strong></span> <span class='ocrx_word' id='word_1_275' title='bbox 548 3139 559 3161; x_wconf 81' lang='grc' dir='ltr'>ι</span> <span class='ocrx_word' id='word_1_276' title='bbox 569 3111 660 3166; x_wconf 85' lang='lat' dir='ltr'><strong>Haan.</strong></span> <span class='ocrx_word' id='word_1_277' title='bbox 883 3113 998 3184; x_wconf 79' lang='lat' dir='ltr'><strong>publice</strong></span> <span class='ocrx_word' id='word_1_278' title='bbox 1009 3113 1098 3184; x_wconf 80' lang='lat' dir='ltr'><strong>gratias</strong></span> <span class='ocrx_word' id='word_1_279' title='bbox 1114 3123 1259 3183; x_wconf 86' lang='lat' dir='ltr'><strong>sequester,</strong></span> <span class='ocrx_word' id='word_1_280' title='bbox 1276 3111 1392 3166; x_wconf 78' lang='lat' dir='ltr'><strong>reconsi-</strong></span> 
     </span>
     <span class='ocr_line' id='line_1_30' title="bbox 371 3187 1392 3264; baseline 0.001 -21"><span class='ocrx_word' id='word_1_281' title='bbox 371 3211 397 3243; x_wconf 68' lang='grc' dir='ltr'><strong>ι.</strong></span> <span class='ocrx_word' id='word_1_282' title='bbox 412 3190 456 3262; x_wconf 81' lang='lat' dir='ltr'><strong>Sp.</strong></span> <span class='ocrx_word' id='word_1_283' title='bbox 471 3192 604 3246; x_wconf 78' lang='lat' dir='ltr'><strong>Postumio.</strong></span> <span class='ocrx_word' id='word_1_284' title='bbox 624 3195 698 3247; x_wconf 85' lang='lat' dir='ltr'><strong>Anu.</strong></span> <span class='ocrx_word' id='word_1_285' title='bbox 719 3191 755 3244; x_wconf 88' lang='lat' dir='ltr'><strong>U.</strong></span> <span class='ocrx_word' id='word_1_286' title='bbox 774 3192 839 3248; x_wconf 76' lang='lat'><strong>568.</strong></span> <span class='ocrx_word' id='word_1_287' title='bbox 882 3191 954 3246; x_wconf 79' lang='lat' dir='ltr'><strong>listis</strong></span> <span class='ocrx_word' id='word_1_288' title='bbox 971 3193 1083 3257; x_wconf 78' lang='lat' dir='ltr'><strong>animis,</strong></span> <span class='ocrx_word' id='word_1_289' title='bbox 1101 3204 1242 3264; x_wconf 82' lang='lat' dir='ltr'><strong>postquam</strong></span> <span class='ocrx_word' id='word_1_290' title='bbox 1257 3192 1293 3245; x_wconf 92' lang='lat' dir='ltr'><strong>ob</strong></span> <span class='ocrx_word' id='word_1_291' title='bbox 1312 3187 1392 3244; x_wconf 86' lang='lat' dir='ltr'><strong>credi·</strong></span> 
     </span>
     <span class='ocr_line' id='line_1_31' title="bbox 329 3271 1390 3343; baseline 0 -21"><span class='ocrx_word' id='word_1_292' title='bbox 329 3271 840 3340; x_wconf 55' lang='lat' dir='ltr'><strong>Debisconanlibnsfhivinsffixlllx,</strong></span> <span class='ocrx_word' id='word_1_293' title='bbox 883 3284 972 3326; x_wconf 89' lang='lat' dir='ltr'><strong>torum</strong></span> <span class='ocrx_word' id='word_1_294' title='bbox 997 3271 1199 3343; x_wconf 84' lang='lat' dir='ltr'><strong>impotentiam,</strong></span> <span class='ocrx_word' id='word_1_295' title='bbox 1224 3289 1296 3324; x_wconf 86' lang='lat' dir='ltr'><strong>auno</strong></span> <span class='ocrx_word' id='word_1_296' title='bbox 1320 3273 1390 3330; x_wconf 78' lang='lat' dir='ltr'><strong>aba,</strong></span> 
     </span>
     <span class='ocr_line' id='line_1_32' title="bbox 327 3349 1392 3424; baseline 0.001 -23"><span class='ocrx_word' id='word_1_297' title='bbox 327 3369 358 3421; x_wconf 88' lang='lat' dir='ltr'><strong>p.</strong></span> <span class='ocrx_word' id='word_1_298' title='bbox 372 3357 436 3418; x_wconf 69' lang='grc'><strong>494.</strong></span> <span class='ocrx_word' id='word_1_299' title='bbox 453 3349 542 3405; x_wconf 85' lang='lat' dir='ltr'><strong>liano.</strong></span> <span class='ocrx_word' id='word_1_300' title='bbox 884 3351 960 3424; x_wconf 86' lang='lat' dir='ltr'><strong>plebs</strong></span> <span class='ocrx_word' id='word_1_301' title='bbox 981 3363 1053 3405; x_wconf 88' lang='lat' dir='ltr'><strong>trans</strong></span> <span class='ocrx_word' id='word_1_302' title='bbox 1072 3351 1204 3404; x_wconf 79' lang='lat' dir='ltr'><strong>Anienem</strong></span> <span class='ocrx_word' id='word_1_303' title='bbox 1228 3351 1257 3403; x_wconf 79' lang='lat' dir='ltr'><strong>in</strong></span> <span class='ocrx_word' id='word_1_304' title='bbox 1277 3361 1392 3404; x_wconf 81' lang='lat' dir='ltr'><strong>montem</strong></span> 
     </span>
     <span class='ocr_line' id='line_1_33' title="bbox 371 3429 1392 3501; baseline 0 -19"><span class='ocrx_word' id='word_1_305' title='bbox 371 3429 398 3482; x_wconf 81' lang='lat'><strong>3.</strong></span> <span class='ocrx_word' id='word_1_306' title='bbox 417 3430 497 3482; x_wconf 79' lang='lat' dir='ltr'><strong>Ludos</strong></span> <span class='ocrx_word' id='word_1_307' title='bbox 510 3432 584 3500; x_wconf 79' lang='lat' dir='ltr'><strong>secie.</strong></span> <span class='ocrx_word' id='word_1_308' title='bbox 605 3431 697 3485; x_wconf 75' lang='lat' dir='ltr'><strong>Livius</strong></span> <span class='ocrx_word' id='word_1_309' title='bbox 717 3431 771 3486; x_wconf 92' lang='lat' dir='ltr'><strong>loc.</strong></span> <span class='ocrx_word' id='word_1_310' title='bbox 794 3431 839 3486; x_wconf 87' lang='lat' dir='ltr'><strong>eit.</strong></span> <span class='ocrx_word' id='word_1_311' title='bbox 883 3429 1392 3501; x_wconf 71' lang='lat' dir='ltr'><strong>SucrurnsecessissetapstrieiisQnare</strong></span> 
     </span>
     <span class='ocr_line' id='line_1_34' title="bbox 332 3507 1391 3583; baseline 0.002 -23"><span class='ocrx_word' id='word_1_312' title='bbox 332 3535 344 3556; x_wconf 81' lang='grc' dir='ltr'>ι</span> <span class='ocrx_word' id='word_1_313' title='bbox 359 3509 449 3579; x_wconf 83' lang='lat' dir='ltr'><strong>Scipio</strong></span> <span class='ocrx_word' id='word_1_314' title='bbox 469 3507 548 3564; x_wconf 84' lang='lat' dir='ltr'><strong>ludos</strong></span> <span class='ocrx_word' id='word_1_315' title='bbox 564 3529 598 3564; x_wconf 90' lang='lat' dir='ltr'><strong>eo</strong></span> <span class='ocrx_word' id='word_1_316' title='bbox 616 3523 754 3581; x_wconf 86' lang='lat' dir='ltr'><strong>tempore,</strong></span> <span class='ocrx_word' id='word_1_317' title='bbox 774 3529 842 3583; x_wconf 90' lang='lat' dir='ltr'><strong>quos</strong></span> <span class='ocrx_word' id='word_1_318' title='bbox 884 3529 966 3582; x_wconf 89' lang='lat' dir='ltr'><strong>quum</strong></span> <span class='ocrx_word' id='word_1_319' title='bbox 975 3509 1089 3583; x_wconf 86' lang='lat' dir='ltr'><strong>puderet</strong></span> <span class='ocrx_word' id='word_1_320' title='bbox 1098 3512 1188 3563; x_wconf 82' lang='lat' dir='ltr'><strong>Patres</strong></span> <span class='ocrx_word' id='word_1_321' title='bbox 1196 3511 1284 3562; x_wconf 81' lang='lat' dir='ltr'><strong>virum</strong></span> <span class='ocrx_word' id='word_1_322' title='bbox 1294 3521 1391 3563; x_wconf 83' lang='lat' dir='ltr'><strong>tanturn</strong></span> 
     </span>
     <span class='ocr_line' id='line_1_35' title="bbox 329 3587 1392 3661; baseline 0 -21"><span class='ocrx_word' id='word_1_323' title='bbox 329 3587 400 3648; x_wconf 83' lang='lat' dir='ltr'><strong>bello</strong></span> <span class='ocrx_word' id='word_1_324' title='bbox 417 3589 542 3644; x_wconf 74' lang='lat' dir='ltr'><strong>Antiochi</strong></span> <span class='ocrx_word' id='word_1_325' title='bbox 556 3588 657 3643; x_wconf 81' lang='lat' dir='ltr'><strong>vovisse</strong></span> <span class='ocrx_word' id='word_1_326' title='bbox 670 3610 699 3644; x_wconf 90' lang='lat' dir='ltr'><strong>se</strong></span> <span class='ocrx_word' id='word_1_327' title='bbox 717 3588 840 3653; x_wconf 88' lang='lat' dir='ltr'><strong>dicebat,</strong></span> <span class='ocrx_word' id='word_1_328' title='bbox 885 3591 992 3645; x_wconf 86' lang='lat' dir='ltr'><strong>collecta</strong></span> <span class='ocrx_word' id='word_1_329' title='bbox 1001 3591 1102 3644; x_wconf 80' lang='lat' dir='ltr'><strong>viritim</strong></span> <span class='ocrx_word' id='word_1_330' title='bbox 1112 3587 1179 3661; x_wconf 88' lang='lat' dir='ltr'><strong>stipe</strong></span> <span class='ocrx_word' id='word_1_331' title='bbox 1188 3589 1316 3656; x_wconf 75' lang='lat' dir='ltr'><strong>funerari,</strong></span> <span class='ocrx_word' id='word_1_332' title='bbox 1325 3590 1392 3660; x_wconf 86' lang='lat' dir='ltr'><strong>jussa</strong></span> 
     </span>
     <span class='ocr_line' id='line_1_36' title="bbox 329 3665 1392 3742; baseline 0.001 -23"><span class='ocrx_word' id='word_1_333' title='bbox 329 3685 362 3719; x_wconf 85' lang='lat' dir='ltr'><strong>ex</strong></span> <span class='ocrx_word' id='word_1_334' title='bbox 374 3668 468 3721; x_wconf 88' lang='lat' dir='ltr'><strong>collata</strong></span> <span class='ocrx_word' id='word_1_335' title='bbox 479 3666 514 3721; x_wconf 90' lang='lat' dir='ltr'><strong>ad</strong></span> <span class='ocrx_word' id='word_1_336' title='bbox 527 3669 555 3723; x_wconf 90' lang='lat' dir='ltr'><strong>id</strong></span> <span class='ocrx_word' id='word_1_337' title='bbox 564 3669 677 3742; x_wconf 87' lang='lat' dir='ltr'><strong>pecnnia</strong></span> <span class='ocrx_word' id='word_1_338' title='bbox 687 3669 722 3723; x_wconf 79' lang='lat' dir='ltr'><strong>sb</strong></span> <span class='ocrx_word' id='word_1_339' title='bbox 733 3671 842 3742; x_wconf 68' lang='lat' dir='ltr'><strong>regibus</strong></span> <span class='ocrx_word' id='word_1_340' title='bbox 885 3681 1005 3734; x_wconf 81' lang='lat' dir='ltr'><strong>senatus,</strong></span> <span class='ocrx_word' id='word_1_341' title='bbox 1019 3680 1141 3742; x_wconf 87' lang='lat' dir='ltr'><strong>sumptus</strong></span> <span class='ocrx_word' id='word_1_342' title='bbox 1155 3689 1186 3721; x_wconf 84' lang='lat' dir='ltr'><strong>ex</strong></span> <span class='ocrx_word' id='word_1_343' title='bbox 1203 3669 1296 3724; x_wconf 82' lang='lat' dir='ltr'><strong>aerario</strong></span> <span class='ocrx_word' id='word_1_344' title='bbox 1308 3666 1341 3721; x_wconf 90' lang='lat' dir='ltr'><strong>ad</strong></span> <span class='ocrx_word' id='word_1_345' title='bbox 1355 3665 1392 3719; x_wconf 83' lang='lat' dir='ltr'><strong>lu·</strong></span> 
     </span>
     <span class='ocr_line' id='line_1_37' title="bbox 329 3747 1391 3822; baseline -0.003 -24"><span class='ocrx_word' id='word_1_346' title='bbox 329 3747 532 3820; x_wconf 84' lang='lat' dir='ltr'><strong>civitatibusque</strong></span> <span class='ocrx_word' id='word_1_347' title='bbox 552 3767 603 3822; x_wconf 86' lang='lat' dir='ltr'><strong>per</strong></span> <span class='ocrx_word' id='word_1_348' title='bbox 618 3748 677 3804; x_wconf 89' lang='lat' dir='ltr'><strong>dies</strong></span> <span class='ocrx_word' id='word_1_349' title='bbox 689 3747 784 3804; x_wconf 83' lang='lat' dir='ltr'><strong>decem</strong></span> <span class='ocrx_word' id='word_1_350' title='bbox 805 3750 843 3803; x_wconf 83' lang='lat' dir='ltr'><strong>le·</strong></span> <span class='ocrx_word' id='word_1_351' title='bbox 885 3769 935 3803; x_wconf 89' lang='lat' dir='ltr'><strong>nus</strong></span> <span class='ocrx_word' id='word_1_352' title='bbox 954 3747 1091 3802; x_wconf 87' lang='lat' dir='ltr'><strong>decretum</strong></span> <span class='ocrx_word' id='word_1_353' title='bbox 1107 3759 1154 3800; x_wconf 84' lang='lat' dir='ltr'><strong>est.</strong></span> <span class='ocrx_word' id='word_1_354' title='bbox 1172 3751 1271 3802; x_wconf 81' lang='lat' dir='ltr'><strong>Auctor</strong></span> <span class='ocrx_word' id='word_1_355' title='bbox 1283 3749 1391 3816; x_wconf 83' lang='lat' dir='ltr'><strong>Dionys.</strong></span> 
     </span>
     <span class='ocr_line' id='line_1_38' title="bbox 328 3825 1390 3902; baseline -0.002 -24"><span class='ocrx_word' id='word_1_356' title='bbox 328 3825 380 3892; x_wconf 79' lang='lat' dir='ltr'><strong>cit,</strong></span> <span class='ocrx_word' id='word_1_357' title='bbox 390 3839 438 3880; x_wconf 88' lang='lat' dir='ltr'><strong>etc.</strong></span> <span class='ocrx_word' id='word_1_358' title='bbox 453 3852 465 3875; x_wconf 77' lang='grc' dir='ltr'>ι</span> <span class='ocrx_word' id='word_1_359' title='bbox 475 3828 538 3882; x_wconf 81' lang='lat' dir='ltr'><strong>Fuit</strong></span> <span class='ocrx_word' id='word_1_360' title='bbox 547 3830 569 3883; x_wconf 90' lang='lat' dir='ltr'><strong>is</strong></span> <span class='ocrx_word' id='word_1_361' title='bbox 577 3830 610 3882; x_wconf 85' lang='lat'><strong>1..</strong></span> <span class='ocrx_word' id='word_1_362' title='bbox 622 3830 722 3902; x_wconf 86' lang='lat' dir='ltr'><strong>Scipio,</strong></span> <span class='ocrx_word' id='word_1_363' title='bbox 733 3830 765 3884; x_wconf 78' lang='lat' dir='ltr'><strong>P.</strong></span> <span class='ocrx_word' id='word_1_364' title='bbox 776 3830 843 3884; x_wconf 92' lang='lat' dir='ltr'><strong>Cor·</strong></span> <span class='ocrx_word' id='word_1_365' title='bbox 886 3830 946 3882; x_wconf 85' lang='lat' dir='ltr'><strong>lial.</strong></span> <span class='ocrx_word' id='word_1_366' title='bbox 957 3829 1046 3900; x_wconf 89' lang='lat' dir='ltr'><strong>Antiq.</strong></span> <span class='ocrx_word' id='word_1_367' title='bbox 1059 3827 1226 3880; x_wconf 82' lang='lat' dir='ltr'><strong>Romamlib.</strong></span> <span class='ocrx_word' id='word_1_368' title='bbox 1234 3827 1283 3893; x_wconf 82' lang='lat' dir='ltr'><strong>vt,</strong></span> <span class='ocrx_word' id='word_1_369' title='bbox 1291 3847 1319 3898; x_wconf 92' lang='lat' dir='ltr'><strong>p.</strong></span> <span class='ocrx_word' id='word_1_370' title='bbox 1330 3826 1390 3889; x_wconf 65' lang='lat'><strong>⁴¹16.</strong></span> 
     </span>
     <span class='ocr_line' id='line_1_39' title="bbox 328 3902 1390 3982; baseline 0.003 -27"><span class='ocrx_word' id='word_1_371' title='bbox 328 3905 393 3957; x_wconf 89' lang='lat' dir='ltr'><strong>nelii</strong></span> <span class='ocrx_word' id='word_1_372' title='bbox 408 3906 526 3960; x_wconf 82' lang='lat' dir='ltr'><strong>Africani</strong></span> <span class='ocrx_word' id='word_1_373' title='bbox 539 3909 628 3964; x_wconf 82' lang='lat' dir='ltr'><strong>irater.</strong></span> <span class='ocrx_word' id='word_1_374' title='bbox 642 3910 734 3964; x_wconf 76' lang='lat' dir='ltr'><strong>liano.</strong></span> <span class='ocrx_word' id='word_1_375' title='bbox 887 3909 930 3962; x_wconf 92' lang='lat' dir='ltr'><strong>Sic</strong></span> <span class='ocrx_word' id='word_1_376' title='bbox 944 3907 1041 3961; x_wconf 81' lang='lat' dir='ltr'><strong>Fabius</strong></span> <span class='ocrx_word' id='word_1_377' title='bbox 1058 3909 1114 3978; x_wconf 89' lang='lat' dir='ltr'><strong>ipse</strong></span> <span class='ocrx_word' id='word_1_378' title='bbox 1129 3907 1261 3960; x_wconf 82' lang='lat' dir='ltr'><strong>Maximus</strong></span> <span class='ocrx_word' id='word_1_379' title='bbox 1279 3902 1390 3982; x_wconf 64' lang='lat' dir='ltr'><strong>urecol-</strong></span> 
     </span>
     <span class='ocr_line' id='line_1_40' title="bbox 371 3983 1391 4060; baseline -0.005 -21"><span class='ocrx_word' id='word_1_380' title='bbox 371 3991 397 4048; x_wconf 74' lang='lat'><strong>4.</strong></span> <span class='ocrx_word' id='word_1_381' title='bbox 414 3987 480 4039; x_wconf 76' lang='lat' dir='ltr'><strong>Nam</strong></span> <span class='ocrx_word' id='word_1_382' title='bbox 493 3989 560 4060; x_wconf 80' lang='lat' dir='ltr'><strong>quod</strong></span> <span class='ocrx_word' id='word_1_383' title='bbox 569 3990 703 4060; x_wconf 64' lang='lat' dir='ltr'><strong>Agrippa,</strong></span> <span class='ocrx_word' id='word_1_384' title='bbox 717 4000 769 4042; x_wconf 85' lang='lat' dir='ltr'><strong>etc.</strong></span> <span class='ocrx_word' id='word_1_385' title='bbox 788 3987 841 4041; x_wconf 91' lang='lat' dir='ltr'><strong>No-</strong></span> <span class='ocrx_word' id='word_1_386' title='bbox 885 3988 939 4042; x_wconf 88' lang='lat' dir='ltr'><strong>lato</strong></span> <span class='ocrx_word' id='word_1_387' title='bbox 950 3987 1088 4041; x_wconf 77' lang='lat' dir='ltr'><strong>funeratus</strong></span> <span class='ocrx_word' id='word_1_388' title='bbox 1097 3999 1134 4039; x_wconf 86' lang='lat' dir='ltr'><strong>est</strong></span> <span class='ocrx_word' id='word_1_389' title='bbox 1143 4023 1151 4047; x_wconf 86' lang='grc'>,</span> <span class='ocrx_word' id='word_1_390' title='bbox 1161 3987 1197 4040; x_wconf 86' lang='lat' dir='ltr'><strong>its</strong></span> <span class='ocrx_word' id='word_1_391' title='bbox 1209 3983 1339 4058; x_wconf 82' lang='lat' dir='ltr'><strong>prodente</strong></span> <span class='ocrx_word' id='word_1_392' title='bbox 1345 3983 1391 4034; x_wconf 82' lang='lat' dir='ltr'><strong>Va-</strong></span> 
     </span>
     <span class='ocr_line' id='line_1_41' title="bbox 330 4062 1373 4142; baseline 0.004 -24"><span class='ocrx_word' id='word_1_393' title='bbox 330 4063 391 4118; x_wconf 89' lang='lat' dir='ltr'><strong>nius</strong></span> <span class='ocrx_word' id='word_1_394' title='bbox 399 4065 542 4121; x_wconf 75' lang='lat' dir='ltr'><strong>Marcellus</strong></span> <span class='ocrx_word' id='word_1_395' title='bbox 556 4070 585 4122; x_wconf 88' lang='lat' dir='ltr'><strong>in</strong></span> <span class='ocrx_word' id='word_1_396' title='bbox 593 4087 659 4124; x_wconf 79' lang='lat' dir='ltr'><strong>voce</strong></span> <span class='ocrx_word' id='word_1_397' title='bbox 670 4067 798 4134; x_wconf 71' lang='lat' dir='ltr'><strong>umero,</strong></span> <span class='ocrx_word' id='word_1_398' title='bbox 808 4085 841 4121; x_wconf 86' lang='lat' dir='ltr'><strong>ex</strong></span> <span class='ocrx_word' id='word_1_399' title='bbox 885 4066 933 4121; x_wconf 90' lang='lat' dir='ltr'><strong>ler.</strong></span> <span class='ocrx_word' id='word_1_400' title='bbox 945 4066 1054 4122; x_wconf 80' lang='lat' dir='ltr'><strong>Maxim.</strong></span> <span class='ocrx_word' id='word_1_401' title='bbox 1066 4067 1117 4132; x_wconf 89' lang='lat' dir='ltr'><strong>IV,</strong></span> <span class='ocrx_word' id='word_1_402' title='bbox 1128 4070 1157 4132; x_wconf 85' lang='lat'><strong>8,</strong></span> <span class='ocrx_word' id='word_1_403' title='bbox 1166 4085 1194 4142; x_wconf 90' lang='lat' dir='ltr'><strong>p.</strong></span> <span class='ocrx_word' id='word_1_404' title='bbox 1209 4069 1275 4136; x_wconf 77' lang='lat'><strong>289.</strong></span> <span class='ocrx_word' id='word_1_405' title='bbox 1285 4062 1373 4116; x_wconf 66' lang='grc' dir='ltr'><strong>ΗΜ·</strong></span> 
     </span>
    </p>
   </div>
   <div class='ocr_carea' id='block_1_4' title="bbox 0 0 1497 5000">
    <p class='ocr_par' dir='ltr' id='par_1_7' title="bbox 0 0 1497 5000">
     <span class='ocr_line' id='line_1_42' title="bbox 0 0 1497 5000; baseline 0 0"><span class='ocrx_word' id='word_1_406' title='bbox 0 0 1497 5000; x_wconf 95' lang='lat' dir='ltr'><strong> </strong></span> 
     </span>
    </p>
   </div>
  </div>
 </body>
</html>
