2950 5000
283 418 332 494 86
553 426 591 494 C.
618 423 789 494 PLlNll
813 424 925 495 Nat.
950 422 1077 493 HIST.

282 555 438 626 omnibus
450 580 544 651 paene
559 557 759 651 provinciis,
778 556 882 625 sedin
895 556 1054 651 Hispania
1071 550 1354 649 pulcherrimum:

280 654 318 732 id
334 686 468 757 quoque
485 664 520 731 in
538 662 639 733 sterili
661 661 752 751 solo,
772 678 871 757 atque
889 664 986 733 etiarn
1008 660 1202 731 montibus:
1225 674 1260 731 et
1276 660 1356 729 ubi·

283 792 428 862 eumque
449 792 516 837 una
537 771 671 839 inventa
684 792 771 838 vena
785 784 851 857 est,
869 794 938 838 non
958 766 1075 864 procul
1093 768 1263 837 invenitur
1280 765 1355 835 alia.

250 878 360 948 ‚Hoc
387 875 523 969 quidem
553 890 588 945 et
612 878 646 944 in
675 877 767 944 omni
799 874 868 944 fere
893 877 1031 945 materia
1056 898 1064 942 ε
1090 872 1199 943 unde'
1221 871 1356 943 metulla

285 984 396 1051 Greci
414 980 569 1050 videntur
588 981 719 1051 dixisse.
743 983 886 1067 Mirum,
905 981 1015 1053 adhuc
1038 1004 1099 1075 per
1115 981 1294 1075 Hispanias
1313 978 1358 1047 ab

284 1086 473 1156 Hannibale
495 1088 671 1158 inchoatos
689 1102 809 1207 puteos
828 1087 963 1174 durare,
984 1110 1043 1157 sua
1062 1086 1105 1155 ab
1124 1085 1359 1155 inventoribus

285 1193 422 1262 nomina
443 1192 615 1263 habentes.
634 1196 685 1264 Ex
702 1196 797 1289 queis
811 1179 956 1263 Bebulo³
975 1191 1162 1290 appellatur
1177 1192 1361 1287 hodieque,

284 1301 342 1394 qui
360 1299 738 1393 cccpondollannibali
759 1300 1047 1371 subministravit'
1038 1324 1074 1368 m
1095 1299 1182 1384 dies,
1202 1297 1246 1368 ad
1269 1296 1360 1367 mille

283 1405 484 1543 quingentqs
500 1406 569 1499 jam
588 1430 704 1501 passus
723 1420 842 1477 cavato
865 1421 979 1476 monte
985 1430 1075 1500 ,per
1096 1404 1187 1499 quod
1212 1406 1360 1500 spatium

283 1498 470 1605 Aquitani⁴
483 1526 608 1643 stantqs
623 1512 739 1582 diebus
753 1512 972 1607 noctibusque
985 1526 1126 1607 egerunt
1139 1532 1241 1605 aquas
1254 1510 1363 1581 lucen·

285 1640 404 1685 narum
422 1604 597 1687 mensura⁵
599 1642 827 1713 ,amnemque
847 1618 984 1688 faciunt.
1004 1618 1144 1713 Argenti
1157 1640 1261 1703 vena,
1285 1640 1362 1712 quae

286 1723 322 1791 in
337 1746 469 1792 summo
483 1738 614 1818 reperta
629 1738 695 1811 est,
715 1726 869 1795 crudaria
882 1723 1076 1820 appellatur.
1092 1707 1199 1793 Finis⁶
1215 1724 1363 1817 antiquis

285 1828 434 1898 fodiendi
454 1830 582 1899 solebat
595 1854 667 1901 esse
685 1824 844 1901 alumen
836 1845 1034 1901 inventum·
1057 1828 1145 1897 ultra
1164 1828 1245 1898 nihil
1265 1852 1362 1923 quae·

254 1954 271 2008 3
288 1935 433 2005 rebatur
449 1938 587 2032 Nuper
578 1952 713 2007 inventa
725 1940 800 2008 aeris
814 1958 898 2006 vena
910 1936 996 2005 infra
1008 1933 1141 2005 alumen
1153 1934 1244 2023 alba,
1258 1934 1363 2005 finem

287 2042 359 2137 spei
384 2040 493 2112 fecit⁷.
523 2043 621 2117 Odor
643 2070 685 2113 ex
706 2046 835 2139 argenti
860 2042 1017 2115 fodinis
1007 2043 1159 2112 inimicus
1169 2026 1363 2112 'omnibus

1198 2177 1210 2207 t

289 2268 354 2303 uam.
375 2248 421 2303 Ad
441 2250 646 2322 excoquendum
663 2264 802 2323 argentum
848 2252 917 2319 niu,
930 2270 984 2305 non
996 2249 1032 2303 de
1042 2249 1136 2303 Galliae
1145 2248 1247 2321 argenti
1262 2247 1366 2305 fodinis

288 2330 403 2401 plumbo
423 2330 579 2384 etiamnunc
595 2332 706 2384 utimur.
720 2330 800 2386 Coul.
848 2348 935 2385 sermo
948 2332 996 2396 sit,
1005 2327 1079 2383 baud
1092 2327 1176 2382 dubie
1185 2328 1365 2402 Aecitarilegi

289 2409 339 2462 lib.
353 2408 483 2474 XXXIV,
503 2410 539 2465 53
556 2428 563 2462 ε
581 2410 649 2464 «Εοι
668 2423 696 2464 et
715 2409 803 2483 moly·
848 2412 929 2466 estius
943 2411 1033 2471 luerit,
1050 2428 1110 2480 quse
1130 2408 1234 2463 colonia
1245 2426 1366 2463 conteu-

290 2486 480 2560 bdoena,quam
491 2489 555 2543 alibi
567 2491 688 2562 galenam
701 2490 804 2544 vocari-
849 2504 891 2546 tus
913 2489 1137 2562 Carthaginiensis
1154 2499 1301 2543 memorata
1320 2509 1365 2544 su·

290 2585 367 2636 anus,
379 2567 484 2639 plumbi
496 2583 524 2624 et
537 2572 640 2641 argenti
652 2589 720 2624 rena
735 2587 805 2624 uom-
849 2573 949 2644 perias,
960 2572 1018 2635 111,
1029 2573 1055 2624 5.
1069 2569 1160 2623 Haun.

291 2649 397 2713 munis,
420 2661 472 2702 eto.
487 2674 498 2696 ι
523 2647 610 2703 Nobis
627 2667 736 2723 quoqne
756 2669 804 2721 ga·
893 2653 1086 2706 §.Laurentum
1096 2667 1214 2703 mnsam.
1222 2649 1261 2704 Ut
1271 2667 1366 2721 quam·

292 2728 418 2782 lmliu.
850 2731 897 2786 diu
913 2749 1026 2784 accensu
1045 2729 1098 2783 olei
1120 2741 1194 2782 certo
1217 2729 1301 2782 modo
1321 2731 1366 2784 lu-

335 2828 362 2863 a.
383 2807 454 2861 Unde
472 2808 580 2862 metella.
597 2807 679 2874 Quod
692 2816 749 2880 retr*
764 2809 805 2862 tt-
850 2829 936 2866 cernae
949 2809 1074 2875 ardeant,
1092 2807 1120 2861 in
1138 2825 1171 2862 eo
1185 2809 1278 2862 labore
1293 2809 1364 2864 sint:

291 2896 356 2954 aaa,
367 2889 417 2941 alia
430 2888 509 2941 simul
521 2905 583 2942 oum
599 2889 675 2955 aliis,
689 2899 735 2942 aut
748 2897 805 2960 μετ’
850 2911 933 2963 qrrum
950 2891 1066 2942 lucernae
1081 2888 1227 2953 deliciunt,
1242 2901 1366 2944 recentes

293 2969 358 3022 ma
368 2981 429 3039 post
439 2969 489 3021 alia
501 2968 680 3022 inveniantur.
689 2969 781 3021 Hiran.
802 2985 814 3004 ⁰
851 2989 880 3024 ae
893 2970 987 3041 integri
1000 2968 1158 3035 succedant,
1171 2968 1218 3040 qui
1238 2966 1366 3023 eumdem

335 3047 363 3102 3.
377 3048 471 3100 Bobulo
481 3048 625 3119 appellatur.
635 3049 728 3114 Quum
735 3049 807 3100 llan-
850 3051 969 3104 laborem
982 3049 1090 3102 obeant.
1105 3049 1173 3101 Dar..

292 3127 367 3182 nibal
382 3145 493 3181 uxorem
510 3127 627 3181 duxisset
644 3129 802 3191 castulone,
892 3134 919 3184 6.
939 3129 1016 3181 binis.
1033 3129 1119 3181 Etiam
1133 3123 1268 3200 hodieque
1281 3125 1367 3182 lom·

293 3223 367 3261 nuno
385 3207 512 3271 carrona,
534 3206 608 3261 baud
628 3209 724 3280 procul
738 3209 806 3261 urbe
850 3227 894 3263 res
912 3209 941 3262 in
956 3206 1074 3262 eruendo
1088 3219 1198 3278 argento
1212 3207 1368 3278 provehunt

294 3287 411 3352 liram,
422 3286 547 3341 ridentur
556 3289 595 3341 ibi
609 3288 691 3340 fuisse
703 3288 805 3340 llanni·
851 3305 979 3360 operam,
992 3285 1079 3340 donec
1094 3287 1217 3340 aluminis
1234 3288 1367 3341 mineram

292 3367 362 3420 halis
378 3367 463 3438 putei.
481 3368 569 3433 Quam
588 3369 665 3420 multi
683 3385 748 3420 vero
767 3366 806 3420 ibi
851 3369 1007 3422 inveniant:
1028 3379 1190 3438 repertoque
1210 3367 1264 3420 hoo
1286 3385 1367 3421 mono

294 3447 492 3518 luemntaperti
504 3445 566 3500 vide
578 3445 652 3519 opud
671 3445 713 3499 Cl.
732 3447 807 3500 Borr-
852 3459 993 3512 concreto,
1007 3465 1083 3500 rente
1104 3447 1206 3516 argenti
1222 3445 1307 3500 linem
1326 3445 1366 3500 ibi

293 3543 357 3591 sas,
376 3527 544 3579 Introduction
560 3529 577 3578 ri
595 3526 722 3578 l‘Hr‘stoine
740 3537 807 3579 naea-
853 3547 908 3582 esse
932 3525 1091 3596 intelligunt.
1118 3526 1243 3579 Kireber.
1268 3523 1366 3580 bland.

294 3607 353 3658 relle
361 3606 522 3677 d'Espagre,
540 3625 601 3678 pag.
615 3613 648 3672 41
658 3625 682 3659 r.
694 3607 806 3678 Argenti
851 3609 921 3662 subt.
935 3609 975 3672 X,
991 3612 1024 3671 d,
1039 3624 1066 3676 p.
1084 3612 1148 3670 aod.
1160 3605 1250 3658 Hann.
1301 3635 1310 3654 .

293 3703 341 3741 ouo
354 3686 446 3756 pondo
464 3700 525 3741 sunt
539 3699 637 3739 nostra
650 3700 763 3739 moneta
775 3685 806 3738 li·
895 3705 922 3758 7.
938 3687 1038 3740 Nullam
1052 3685 1129 3757 finem
1153 3689 1204 3756 spel
1220 3687 1292 3754 serit.
1311 3685 1366 3738 De·

293 3765 480 3833 binuso&
499 3784 562 3836 ergo
578 3779 673 3838 puteus
686 3765 731 3818 ille
746 3767 807 3819 sub-
850 3765 981 3820 uideretur
1000 3767 1118 3838 primum
1139 3767 1252 3820 verbum
1269 3764 1299 3818 iu
1319 3781 1363 3819 uu·

293 3845 806 3917 minisuabatinannnml7,156,9ao.
851 3844 1041 3918 diceantiqno.
1056 3846 1136 3900 Prnr.

294 3923 379 3980 Baua.
893 3927 921 3980 8.
947 3925 1018 3978 Odor
1038 3945 1069 3978 ex
1093 3928 1190 3996 urgenti
1202 3926 1300 3993 fodinis
1323 3927 1367 3977 itti·

336 4011 363 4068 4.
377 4006 510 4078 Aquitani,
521 4017 570 4059 eto
583 4005 628 4059 ste
639 4005 702 4058 libri
715 4023 808 4060 ornnes
851 4010 939 4058 miras·
957 4017 1007 4060 eto.
1029 4007 1116 4059 Testis
1134 4005 1275 4058 Lueretius
1295 4001 1367 4075 apud

181 4118 183 4121 -
294 4084 374 4139 etiam
383 4083 808 4158 nasammondettinpn-
851 4087 980 4142 Festum:
1004 4085 1201 4158 «Superata,
1221 4083 1300 4140 locus
1317 4083 1367 4137 ubi
