2950 5000
405 441 561 510 LIBER
585 441 765 510 xxxvl.
1064 435 1134 508 513

92 587 148 642 mm
155 579 290 671 quinque
299 561 323 614 ⁸³
338 601 346 642 :
362 561 529 644 castella⁸⁸
540 590 674 645 centum
686 577 839 670 triginta,
851 573 1023 668 complura
1035 575 1134 642 etiam

91 680 166 750 cultu
173 683 357 778 magnilica:
375 681 531 777 operibus
544 684 584 751 iis
602 684 696 777 signa
712 693 859 751 trecenta
874 703 957 749 aerea
973 695 1031 748 aut
1048 703 1134 748 snar-

91 811 184 858 morea
202 790 377 884 imposuit,
406 787 639 858 columnares
662 811 829 856 marmore
856 785 1137 881 quadringentas,

91 915 176 986 eaque
192 897 301 966 omnia
319 919 433 963 annuo
450 880 592 990 spatio⁸⁹.
608 894 732 988 Adjicit
749 896 819 988 ipsc
838 895 871 961 in
893 891 1054 962 aedilitatis
1069 917 1137 962 sure

90 1021 144 1067 sua
161 1001 487 1086 commemoratione,
508 1014 543 1068 et
561 998 658 1069 ludos
677 999 936 1092 undesexaginta
958 997 1072 1067 diebus
1094 997 1111 1068 f
1127 1037 1138 1050 ·

89 1118 161 1192 ctos,
188 1122 221 1176 et
235 1109 380 1200 gratuita
399 1107 538 1201 praebita
562 1104 726 1174 balinea⁹⁰
750 1119 885 1174 centum
910 1105 1136 1199 septuaginta,
1220 1159 1223 1164 ,

88 1232 242 1302 qucum
259 1215 377 1282 Romae
389 1213 433 1280 ad
449 1211 615 1281 infinitum
634 1235 756 1281 auxere
778 1209 1001 1280 numerum⁹¹.

133 1321 213 1389 Vicit
240 1317 477 1389 antecedentes
505 1341 667 1412 aquarum
689 1317 810 1388 ductus
832 1315 1050 1387 novissimum
1075 1319 1135 1384 im·
1159 1328 1189 1378 ιε

88 1423 224 1518 pendium
251 1426 363 1520 operis
383 1404 530 1494 inchoati
552 1449 573 1492 a
597 1425 680 1494 Caio
706 1421 887 1504 cassaret,
907 1438 941 1497 et
968 1425 1095 1517 peracti
1118 1447 1138 1490 a

88 1530 208 1601 Claudio
216 1518 252 1596 ⁹³.
270 1533 408 1625 Quippe
420 1554 440 1598 a
453 1529 561 1624 lapide
577 1530 835 1625 quadragesimo
843 1517 869 1568 ⁹⁴
888 1528 1016 1598 adeam
1030 1525 1137 1598 excel·

120 1703 158 1770 87.
172 1702 290 1773 Quinque.
304 1695 440 1753 Broterius
451 1717 484 1752 ex
495 1699 577 1770 Regg.
623 1697 780 1769 perductam
795 1711 871 1752 notat
890 1696 1077 1764 Cassiodorus,
1091 1699 1138 1752 lib.

88 1778 151 1833 redd.
161 1802 191 1844 a,
205 1779 236 1844 3,
249 1793 276 1833 et
287 1781 318 1845 5,
332 1791 424 1832 centum
437 1798 488 1832 sec.
504 1780 557 1831 Eu.
624 1779 679 1831 vn
688 1818 696 1842 ,
706 1777 822 1830 formula
835 1781 862 1831 6.
875 1778 966 1830 niun.

117 1859 457 1914 tt.coedta.nehaevoee
463 1855 580 1911 ἆὶιὶωηι
664 1865 714 1928 9⁴·
727 1859 824 1928 Quippe
833 1857 937 1928 alapide
945 1858 1136 1929 quadragesimo.

86 1937 125 1990 tit.
136 1940 237 2003 xm,
252 1957 312 2009 cap.
324 1936 371 1991 31.
386 1937 479 1990 Hsnn.
623 1937 784 2003 Frontinus,
797 1937 876 2006 paulo
885 1937 988 1989 minore
998 1937 1137 1991 intervallo

117 2018 156 2086 89.
173 2021 262 2072 Amuo
281 2018 369 2087 spatio.
384 2017 426 2069 En
446 2013 522 2088 quod
536 2035 578 2068 ro·
624 2017 738 2088 spatium
754 2015 923 2081 defininlib.
936 2015 969 2068 de
980 2015 1137 2087 Aquaednct.
1255 2027 1257 2036 ’

86 2112 178 2150 nanum
201 2110 250 2150 est.
273 2098 427 2167 Numquam
447 2096 521 2148 lenta
539 2095 578 2147 ibi
623 2115 698 2148 num.
711 2115 764 2149 ao:
779 2121 790 2142 ι
802 2093 927 2156 Claudia,
937 2096 1138 2166 inquinconei·

86 2174 262 2252 luspnldim
280 2173 436 2248 opera,sed
450 2175 579 2246 pernicis·
625 2177 699 2246 pitur
711 2175 755 2228 vis
767 2175 921 2228 Sublacensi
935 2174 969 2229 sd
983 2173 1137 2228 sfilisrium

85 2254 150 2309 tm,
160 2257 242 2309 Bm.
623 2272 731 2308 xxxvm
744 2255 903 2308 diverticulo
915 2255 1088 2318 sinistrorsus,
1099 2255 1138 2306 in·

117 2352 159 2402 9⁰·
173 2337 209 2388 Et
219 2339 330 2405 (catuna
350 2335 453 2404 proebits
475 2334 578 2385 belim
624 2348 665 2387 tra
676 2351 768 2406 passus
779 2351 826 2388 ccc
844 2353 877 2387 ex
893 2334 1010 2387 lontibus
1032 2332 1137 2387 duobus

85 2412 129 2465 llio
141 2413 255 2478 Carsim,
266 2415 316 2467 lib.
337 2415 441 2477 XLIX,
461 2432 489 2484 p.
507 2420 581 2481 419,
624 2414 807 2485 amplissimis,
819 2426 846 2466 et
858 2415 983 2485 speciosis
995 2433 1000 2465 :
1014 2414 1136 2477 Cerulo,

83 2489 112 2543 de
121 2493 239 2579 {grippo
250 2493 409 2547 muneribus
419 2493 448 2547 in
457 2491 582 2547 adilitate
624 2495 670 2566 qui
683 2513 699 2547 a
713 2491 890 2547 similitudine
912 2494 1137 2565 appellatorem,

81 2588 173 2641 tuens:
193 2579 226 2629 τά
244 2594 273 2627 τι
296 2576 417 2641 βαλανεῖα
436 2577 527 2644 προῖκα
545 2568 581 2625 δι’
625 2586 653 2628 et
665 2574 790 2627 Curtio·
808 2574 868 2627 Huc
888 2574 1024 2645 pertinent
1044 2575 1137 2627 inscri-

83 2652 141 2713 lwar
153 2656 193 2707 sal
209 2656 262 2715 τοῖς
275 2649 396 2724 ἀνδράσι,
408 2653 451 2705 καὶ
464 2655 520 2714 ταῖς
536 2672 580 2724 γυ·
624 2654 730 2723 ptionss
745 2664 812 2714 tres,
827 2670 892 2725 quas
905 2655 986 2706 refert
998 2654 1137 2718 Gruterus,

81 2731 135 2795 usti
153 2736 265 2787 trientes
289 2735 411 2803 παρέσχε.
432 2738 491 2785 «Et
510 2750 581 2785 anno
624 2751 652 2803 p.
667 2736 739 2802 176,
754 2730 1013 2787 sedrecenteseduas
1022 2733 1136 2803 priores,

81 2813 299 2867 utohalneorum
320 2814 422 2866 lavscra
442 2823 497 2865 tam
517 2812 582 2864 viris
624 2830 686 2865 cum
701 2810 766 2865 falsa
777 2810 963 2874 adnotatione,
980 2830 1041 2867 rur.
1051 2832 1093 2865 xr·
1110 2826 1138 2867 et

80 2905 151 2958 quan
163 2891 322 2945 mulieribus
332 2891 449 2963 gratuito
456 2892 583 2962 prebuit,
626 2909 687 2945 m.
702 2910 771 2945 xvn.
786 2908 825 2944 rr.
846 2909 984 2946 aarum.
1005 2909 1095 2945 narsi.
1112 2912 1136 2945 r.

80 2981 124 3024 tte
132 2997 143 3018 ι
157 2972 247 3025 Hann.
624 2989 733 3024 crassa.
742 2987 879 3023 srovmvs.
887 2988 1138 3024 annumeraren-

76 3082 80 3087 -
114 3067 158 3115 9¹·
171 3056 271 3104 Auem
282 3068 412 3102 numeriam.
421 3050 515 3102 Postea
526 3050 583 3103 fue·
626 3067 1136 3104 mrsx.msxrsr.rusa.rorrssr.v.rsm.

79 3130 208 3183 :enom
217 3129 583 3195 minantemeneltvi·
626 3148 669 3183 xv.
694 3148 720 3183 r.
743 3148 768 3183 a.
793 3148 847 3182 uos.
877 3146 966 3183 nmio.
987 3148 1025 3182 rr.
1048 3146 1137 3183 sucus.

77 3218 153 3261 oure.
165 3210 251 3263 Bnor.
626 3226 735 3263 nvcrm.
759 3226 1008 3271 teramnensis.
1026 3226 1137 3263 namra·

114 3306 160 3357 9²·
181 3290 209 3341 A
233 3289 298 3342 Caio
320 3288 427 3343 Cum.
442 3288 584 3342 Germani·
626 3306 1006 3345 sanos.rsa.c.cs1sssm.
1031 3309 1056 3344 s.
1073 3306 1139 3341 svn·

78 3368 101 3417 ei
122 3367 185 3420 fluo.
218 3368 364 3420 Suetonius
391 3368 420 3420 in
448 3366 582 3432 Claudio,
626 3386 880 3421 manseramus.
897 3386 1037 3422 ncrnsc.
1051 3386 1140 3422 assm-

76 3462 129 3517 ssp.
140 3466 185 3500 xx,
198 3445 290 3500 Han.
626 3466 700 3501 evm.
715 3448 820 3513 Altera,
831 3448 875 3500 cui
887 3449 967 3519 plane
980 3448 1094 3502 similem
1110 3450 1139 3501 in

112 3525 158 3595 93.
176 3528 207 3580 A
221 3525 334 3584 Claudio.
352 3524 509 3591 Suetonius,
523 3527 540 3578 l.
558 3544 582 3579 c.
627 3524 734 3581 Claudii
751 3546 865 3581 nummo
885 3528 1049 3599 epigraphen
1071 3526 1139 3581 ridi·

79 3604 217 3660 «Claudio
228 3622 307 3677 aqum
318 3604 508 3677 gelidosatque
516 3606 583 3658 ube·
627 3624 701 3667 mus,
711 3606 760 3659 sed
767 3604 919 3660 adulterino
930 3626 936 3659 ε
948 3620 978 3660 ut
986 3608 1036 3679 ipsi
1046 3608 1140 3661 Patino

76 3684 441 3757 mroumqmrumnsn
451 3684 584 3749 Caeruleo,
627 3684 759 3751 suboluit,
772 3686 802 3739 in
815 3686 953 3739 Thesauro
979 3686 1140 3741 Numismat.

75 3764 145 3818 altrei
156 3765 256 3819 Curtio
265 3776 293 3817 et
305 3765 411 3818 Albano
419 3782 519 3817 nomen
529 3776 584 3829 est,
627 3784 686 3836 pap.
707 3766 759 3819 103
771 3773 785 3819 ¹:
804 3782 841 3817 rr.
857 3783 996 3819 cnsrnsrs.
1010 3784 1100 3819 nnvsr.
1116 3784 1139 3818 r.

75 3844 202 3916 simulque
223 3845 313 3897 rivum
332 3843 442 3896 Anienis
456 3844 533 3909 nori,
546 3844 585 3896 la·
627 3860 1144 3899 caussa.svorsnrs.oansssnrcvs.rosr-

74 3923 150 3992 niden
170 3942 257 3996 opere
274 3922 304 3975 in
324 3923 427 3976 Urbem
442 3920 584 3993 perduxit,
627 3944 682 3978 sss.
696 3942 923 3977 usamentum
935 3942 986 3979 ιιι.
998 3942 1140 3978 turnxrn.

37 4021 45 4072 l,
74 4000 213 4076 divisitque
224 4004 254 4055 in
269 4002 437 4073 plurimoset
448 4003 583 4055 ornatissi·
627 4024 690 4058 aa.
705 4022 734 4066 Q.
756 4020 783 4057 a.
800 4020 1143 4067 r.a.sorss.cr.srn1ssr.

75 4084 239 4138 mesiam»
253 4081 583 4154 Addventinieaputesse
628 4102 671 4137 ιι.
704 4100 843 4137 sonamus.
869 4102 926 4146 ers.
958 4100 1146 4138 vocsssrrrva.

143 4183 211 4252 IX.
628 4240 631 4247 .
956 4178 1001 4250 33
