2950 5000
337 429 408 527 476
603 417 1134 504 C.PL1N11NAT.H'IST.

300 579 316 630 5
388 565 473 634 Sunt
499 579 534 632 et
558 562 613 632 alii
637 563 724 646 duo,
748 589 833 634 unus
859 589 878 634 a
901 566 1035 633 Smnrre
1064 550 1232 659 positus¹³,
1251 563 1325 634 alter
1342 565 1375 632 nh

339 658 512 765 Ernphio¹⁴
524 673 595 739 sine
612 656 743 756 notis¹⁵,
754 669 1003 766 quadragenum
1025 685 1183 739 octonum
1202 671 1374 740 cubitorum.

337 775 544 845 Alexandriae
562 777 676 845 statuit
693 801 797 846 unum
817 779 989 870 octoginta
1001 776 1190 845 cubitorum
1208 775 1377 846 Ptolomeus

337 881 586 977 Philadelphus,
594 907 694 976 quem
707 882 875 952 exciderat
885 868 1071 964 Νεςῑεὼὶε16
1087 907 1146 951 rex
1158 882 1310 977 purum¹⁷:
1323 906 1377 950 mn-

333 981 453 1082 jusque
473 1013 559 1083 opus
577 987 639 1057 fuit
652 989 688 1056 in
704 987 900 1058 devehendo
918 987 1137 1058 statuendove
1158 987 1279 1073 multo,
1297 1012 1377 1082 quan

335 1095 371 1162 in
388 1092 581 1164 excidendo.
599 1096 629 1163 A
649 1095 768 1186 Satyro
776 1079 800 1118 ¹⁸
813 1093 999 1164 architecto
1020 1093 1121 1188 aliqui
1145 1093 1311 1164 devecnrn
1326 1109 1379 1162 tra-

336 1198 421 1271 dunt
429 1213 518 1269 rate:
530 1198 775 1269 Callisthenes¹⁹
791 1201 993 1288 aPhoenice,
1007 1199 1095 1270 fossa
1106 1199 1380 1295 perducta”usque

378 1383 424 1438 13.
441 1384 469 1437 A
482 1383 580 1436 Smarre
594 1385 696 1453 positas.
714 1383 756 1436 Ne
768 1384 848 1454 hujus
891 1384 999 1446 Tacho,
1014 1383 1213 1450 subiendesio‚
1225 1401 1380 1457 qnesnregtn

334 1461 461 1534 quidem,
475 1476 521 1516 aut
534 1461 660 1534 Eraphii,
677 1461 848 1529 Necaahidis,
892 1463 1108 1534 designaverant,
1137 1483 1249 1536 reguum
1277 1465 1380 1516 obtinuit.

334 1542 536 1614 Mesphscque,
546 1541 657 1615 quibos
666 1542 753 1612 capite
762 1543 849 1596 norni-
893 1544 962 1596 Dar..
976 1573 1018 1586 -
1030 1543 1155 1598 Nectabis.
1173 1545 1229 1610 Qui
1243 1544 1346 1596 Eusebio
1359 1542 1380 1592 iu

334 1635 434 1676 uantur
453 1622 523 1675 iuter
542 1621 653 1692 AEgypti
674 1640 767 1693 reges,
794 1622 849 1675 ulla
893 1623 1030 1676 Chrouioo
1053 1622 1227 1686 Nectenebin,
1248 1626 1317 1694 cujus
1334 1633 1382 1674 atas

333 1699 407 1772 apud
428 1700 611 1766 Herodotum,
632 1712 680 1754 snt
697 1699 849 1754 Diodorum
893 1699 1039 1754 Alexandri
1052 1701 1144 1774 Magni
1165 1715 1283 1774 tempora
1302 1701 1339 1753 rix
1356 1719 1381 1751 n

334 1779 445 1835 mentio.
459 1781 529 1834 Dar..
539 1813 581 1824 -
592 1780 620 1833 A
640 1780 746 1834 Suam.
765 1781 849 1833 Eum·
893 1781 970 1834 annis
983 1783 1131 1834 anteoenit.
1146 1783 1180 1836 ll.
1197 1815 1237 1826 -
1251 1783 1320 1850 Quen
1334 1781 1382 1831 sari

334 1858 397 1914 deur
411 1861 486 1914 huno
498 1857 673 1931 esseqnidanr
688 1859 849 1926 existimant,
892 1861 964 1912 derat
974 1860 1099 1914 Nectabis.
1111 1862 1187 1914 Brut.
1199 1879 1230 1914 es
1239 1861 1309 1914 MSS.
1318 1861 1381 1928 llsgg.

333 1939 539 2012 quillusebioin
550 1940 687 1994 Chrouloo
694 1942 848 1993 Ammerres
896 1959 929 2005 a,
950 1939 981 2004 3,
1002 1939 1067 1994 edit.
1085 1940 1173 2010 princ.
1197 1940 1327 1994 llearonic.
1342 1950 1380 1991 eto

334 2020 457 2091 AEthiops
469 2019 628 2089 appellatur.
639 2018 674 2071 Η.
688 2049 729 2062 -
742 2017 847 2073 Seram.
892 2019 1072 2072 esddaeruteum
1078 2019 1215 2074 Nectloebis.
1227 2020 1252 2072 ls
1260 2018 1383 2090 appslhnn

334 2101 409 2152 Brot.
422 2117 455 2152 es
463 2097 542 2151 MSS.
555 2100 637 2169 Regg.
651 2098 820 2152 bmbrosian.
833 2118 844 2153 ι
893 2099 1060 2152 Nectanebus
1073 2117 1091 2152 a
1103 2099 1232 2153 Cornelio
1246 2095 1381 2168 Nepote,in

333 2191 360 2230 et
375 2176 437 2231 edit.
452 2176 541 2249 prino.
556 2199 573 2230 a
587 2179 701 2230 Zmarre.
716 2176 797 2230 Forte
810 2191 850 2231 est
893 2177 1018 2232 chebrii.
1034 2179 1085 2230 Eu.

335 2257 474 2320 Pssumis,
497 2270 573 2329 pater
593 2257 663 2328 regis
683 2256 795 2327 Apries,
814 2256 849 2311 de
936 2255 1148 2328 17.1³unm‚1d
1168 2269 1224 2320 est,
1243 2257 1298 2311 sine
1312 2253 1381 2312 notis.

335 2355 392 2408 qno
404 2334 537 2390 Herodot.
549 2336 603 2389 En.
893 2333 1381 2408 authieroglyphioiscersoteribusdlos

377 2421 422 2478 14.
434 2416 477 2468 Ab
486 2417 607 2485 Emplio.
616 2416 671 2482 Qui
679 2414 804 2486 Usphres
815 2416 848 2469 ab
892 2415 966 2469 brot.-
978 2434 1011 2468 ex
1023 2415 1087 2470 edit.
1101 2417 1189 2486 princ.
1198 2417 1278 2489 Regg.
1290 2413 1354 2467 libb.
1362 2422 1384 2461 et

334 2494 450 2549 Eusebio
461 2495 490 2549 in
504 2493 641 2550 Chronioo
650 2495 810 2567 appellatur,
819 2507 850 2549 nt
891 2487 1033 2550 Ressouio.
1052 2522 1064 2544 ι
1079 2497 1220 2568 majusque
1232 2514 1296 2569 opus
1311 2489 1381 2547 iude·

333 2575 459 2629 nonnulli
482 2586 586 2646 putant.
607 2576 644 2628 ll.
666 2606 707 2617 -
726 2576 848 2646 Erupbio.
893 2574 1015 2628 vehendo
1037 2574 1214 2629 statuendove
1234 2576 1313 2629 inulto
1330 2572 1382 2633 tuit,

334 2656 420 2709 Gron.
437 2666 465 2707 et
476 2654 519 2707 Al.
532 2668 594 2708 ante
613 2652 698 2707 llsrd.
716 2654 849 2725 Is'rspbito.
893 2672 974 2726 qnam
986 2694 993 2719 ‚
1006 2668 1059 2708 eto.
1072 2681 1084 2703 ι
1102 2656 1155 2709 En.

333 2736 410 2787 Brut.
434 2752 468 2786 ex
490 2734 606 2787 Pintian.
627 2733 795 2787 Ambrosian.
820 2754 850 2799 s,
937 2736 984 2788 18.
998 2736 1025 2787 A
1037 2734 1137 2808 Satyro.
1151 2736 1239 2801 Quem
1252 2732 1284 2787 dt
1298 2732 1382 2785 llauso·

335 2816 418 2884 Begg.
438 2832 470 2877 s,
495 2812 527 2878 3,
546 2814 651 2883 Nupbio.
668 2813 789 2884 llaphlus
805 2812 851 2866 ille
893 2812 937 2865 leo
957 2814 1057 2867 librum
1083 2813 1234 2869 condidisse
1256 2826 1339 2867 asotos
1353 2820 1383 2859 et

335 2891 407 2946 idem
415 2890 728 2946 videturesseaol’bnrao
734 2892 849 2963 Ephron,
893 2892 1035 2946 Vitruvius
1044 2894 1072 2947 in
1084 2894 1163 2947 Prsel'.
1172 2894 1221 2947 lib.
1229 2894 1323 2961 vlnp.
1334 2885 1382 2942 nl·

335 2973 379 3025 vel
388 2970 513 3042 lloplrra,
523 2968 558 3023 de
565 2989 621 3042 quo
628 2973 646 3023 J
648 2972 769 3038 eremias,
777 2990 852 3038 xus,
894 2972 929 3025 ll.
940 3003 980 3015 -·
987 2972 1121 3026 Ptolemaei
1131 2971 1242 3026 secundi
1252 2970 1383 3025 architecti!

338 3051 382 3104 30.
391 3050 432 3103 sb
442 3048 776 3117 Herodoto‚lib.ll,nu1n.
785 3054 851 3117 161,
894 3051 946 3104 fuit
959 3050 1085 3121 Satyrus,
1103 3064 1130 3105 et
1143 3052 1300 3105 Philotersru
1309 3048 1382 3101 urben

336 3129 436 3184 dicitnr
451 3130 555 3200 Apries.
568 3131 622 3183 Eu.
894 3128 1112 3201 Troglodytioasn
1130 3130 1277 3184 edificavit
1296 3126 1381 3182 Strabo,

380 3209 426 3263 rb.
448 3208 507 3262 Sine
528 3213 601 3263 mis.
628 3208 746 3275 Forsan,
774 3207 851 3281 qnod
895 3208 1037 3273 lib.le,
1051 3228 1110 3281 ρας.
1127 3213 1192 3280 769.
1206 3211 1287 3262 Bror.

336 3300 414 3342 eraut
431 3288 603 3359 alienigene,
616 3288 756 3360 AEtlriopes
773 3289 852 3341 nimi·
939 3306 983 3356 ¹9·
1005 3288 1175 3343 Callisthenes.
1195 3288 1239 3342 Sic
1258 3286 1326 3342 MSS·
1340 3298 1382 3335 m

337 3386 415 3433 rum,
438 3370 618 3439 Egyptorum
638 3366 853 3439 hisnrglyphious
898 3368 1055 3432 alneum,
1071 3382 1101 3423 nt
1112 3366 1187 3421 editi.
1204 3361 1382 3439 Egimusdew

336 3460 413 3501 notas
427 3446 503 3499 haud
513 3448 575 3501 satis
587 3445 685 3501 edoeti.
698 3446 794 3500 Haeo.
897 3448 925 3501 in
940 3450 1086 3501 ductorum
1102 3446 1204 3501 ludios.
1224 3448 1258 3501 ll.
1272 3476 1309 3489 -
1324 3436 1383 3493 Μ’

381 3530 425 3579 16.
440 3526 564 3579 Nectabis.
579 3523 663 3597 Apud
677 3525 849 3591 Athenaenm,
895 3528 996 3580 sthenes.
1008 3528 1082 3580 Brut.
1094 3544 1127 3580 ex
1138 3528 1196 3581 MS.
1207 3528 1271 3597 lleg.
1285 3518 1383 3585 51ch-

338 3624 396 3677 pag.
413 3623 481 3676 207,
496 3624 573 3659 versu
588 3626 620 3675 9,
636 3606 726 3659 Alexis
738 3604 853 3659 mentio·
895 3626 978 3660 unns.
1000 3606 1193 3661 Callisthenem
1216 3608 1285 3659 mian
1299 3596 1383 3657 oecide-

336 3703 400 3739 nern
413 3684 476 3737 lacit
486 3685 637 3739 Neoohshis
646 3686 717 3755 regis
729 3684 852 3757 Egypti,
896 3700 937 3741 rat
953 3685 1106 3739 Alexander
1116 3686 1245 3757 Magnus,
1257 3697 1285 3737 ut
1297 3690 1382 3735 rantur

338 3764 386 3835 qui
395 3764 565 3818 fortassishio
575 3765 701 3818 Nectabis
709 3777 756 3819 est.
770 3762 853 3835 Apud
897 3765 1011 3830 Seneca,
1036 3766 1131 3819 Natur.
1156 3766 1253 3831 Quat.
1278 3763 1321 3814 lit.
1339 3756 1382 3813 Vl,

338 3844 529 3910 Plutarchum,
552 3845 581 3897 in
602 3844 740 3915 Agesilao,
758 3844 854 3897 Neon·
896 3863 955 3916 asp.
970 3844 1022 3909 23,
1036 3844 1185 3917 fateturque
1195 3846 1250 3915 ipse
1258 3838 1382 3896 narduinus

338 3922 415 3975 nabis
427 3923 510 3977 Taohi
525 3924 712 3995 AEgyptiornsn
724 3924 853 3995 reginpa-
897 3926 978 3997 paulo
990 3943 1071 3995 supra
1083 3943 1140 3995 cap.
1161 3931 1187 3989 4.
1203 3924 1255 3976 Ευ.

339 4000 448 4063 truelis,
461 4004 496 4057 ab
509 4020 543 4057 eo
558 4003 673 4069 deiecit,
686 4022 853 4076 regnumque
941 4024 984 4057 so.
1004 4004 1082 4056 Fossa
1094 4005 1220 4075 perducto
1236 4002 1313 4055 Fos-
1327 3993 1380 4049 illiti

340 4081 510 4147 invasion
539 4083 653 4155 Agedlai
682 4102 735 4156 ope
764 4084 854 4156 fugato
898 4078 1380 4157 vestigimnpicidiuis‘tnsnlcinu·
