2950 5000
288 449 335 534 34
564 447 602 514 C.
627 445 798 516 PLINll
821 445 932 516 NAT.
948 441 1090 512 lllST.

287 583 463 681 digitisque
480 581 573 662 totis,
587 577 675 649 collo
686 633 696 668 ‚
707 579 862 668 auribus,
877 578 994 674 spiris:
1009 573 1369 667 discurrant¹⁰oatenae

289 695 379 763 circa
390 689 516 775 latera,
529 684 719 757 etinserta¹¹
733 687 987 781 margaritarum
1003 683 1184 778 ponderas
1200 680 1291 751 collo
1305 682 1369 752 do·

289 801 458 868 minarum
477 819 561 864 auro
578 793 815 888 pendeant,ut
832 795 866 863 in
882 817 998 862 somno
1013 787 1180 885 quoque¹²
1196 790 1368 858 unionum

291 903 493 976 conscientia
512 885 624 970 adsit:
642 901 785 969 etiamne
797 884 966 995 pedibus¹³
985 897 1145 984 induitur,
1160 910 1261 990 atque
1275 896 1369 964 inter

292 996 442 1082 stolam¹⁴
462 1006 662 1102 plebemque
686 1007 777 1077 bunc
797 1006 945 1076 medium
962 1004 1161 1073 feminarum
1173 1016 1369 1096 equestrem

185 1173 188 1180 .
291 1118 444 1188 ordinem
460 1112 562 1184 facit?
574 1115 753 1206 Honestius
766 1115 831 1182 viri
844 1097 1075 1207 paedagogiis¹⁵
1085 1109 1119 1183 id
1129 1110 1264 1180 damus:
1280 1107 1369 1178 bali-

293 1205 473 1318 neasque¹⁶
492 1220 584 1290 dives
617 1244 799 1315 puerorum
832 1219 940 1289 forma
970 1219 1144 1289 convertit.
1177 1220 1253 1286 Jarn
1282 1239 1370 1287 vero

299 1398 407 1454 latasin
421 1395 730 1468 publicamprocessit,·
745 1407 809 1450 teste
851 1415 946 1450 aarum
969 1395 1099 1468 compede
1121 1407 1249 1468 gestatum
1273 1393 1372 1450 distin·

298 1473 808 1550 Tranquillotcmusdeinde,etaliill.
852 1478 950 1547 ‘nebat
967 1477 1105 1530 libertinas
1122 1489 1180 1529 tum
1203 1494 1218 1528 a
1239 1475 1326 1544 stola,
1340 1475 1372 1530 id

341 1557 673 1612 sensumsensurn.
696 1556 810 1627 Cingula
852 1569 907 1619 est,
933 1556 1061 1609 matronis
1092 1556 1227 1619 honestis,
1262 1568 1323 1608 tnm
1356 1573 1372 1611 a

300 1657 334 1694 ex
349 1655 415 1692 auro
427 1634 560 1705 intelligit.
574 1633 667 1689 Hann.
852 1636 931 1708 plebe
938 1636 1019 1706 inope
1027 1653 1035 1688 ε
1044 1637 1133 1708 itaque
1144 1634 1266 1689 medinm
1276 1655 1374 1706 qaena-

341 1737 388 1773 rr.
403 1719 441 1772 Et
449 1719 538 1768 inserta
551 1718 740 1785 margaritarum
750 1733 812 1786 pan·
853 1714 962 1768 damet
981 1715 1064 1768 velati
1090 1727 1239 1788 equestrem
1259 1715 1374 1769 femina·

300 1798 360 1852 dara
381 1818 396 1850 e
418 1796 481 1850 colia
500 1794 649 1848 dominarum
672 1815 733 1847 auro
752 1815 813 1866 pen·
853 1814 914 1850 rum
925 1794 1047 1849 ordinem
1056 1796 1177 1849 iaciebat.
1188 1795 1375 1850 Caracalceo·

299 1879 388 1944 deant,
406 1889 434 1929 ut
452 1879 477 1927 ira
492 1895 575 1927 somno
592 1895 683 1948 quaqua
700 1879 813 1927 arrianum
854 1875 918 1929 raim
926 1887 1050 1929 ornatum
1060 1876 1124 1929 binc
1133 1875 1240 1946 colligas
1251 1875 1281 1928 in
1292 1875 1374 1929 ferni-

299 1959 444 2011 rcnsciantia
466 1955 538 2008 adsit.
564 1955 596 2007 In
618 1957 683 2026 neg.
711 1973 724 2007 a
750 1953 811 2008 cod.
855 1957 897 2009 nis
912 1955 1041 2027 equestria
1055 1953 1158 2009 ordinis
1173 1955 1246 2008 bunc
1261 1955 1372 2009 inisse:

303 2051 331 2091 ut
345 2043 371 2090 in
386 2055 478 2100 sarano,
490 2035 569 2088 unius
584 2034 709 2087 litterulae
719 2032 814 2088 discri·
854 2054 911 2088 non
931 2055 961 2088 ea
979 2035 1059 2089 Plinii
1078 2035 1207 2088 sententia
1226 2047 1288 2088 est:
1307 2054 1374 2090 nam

302 2118 386 2184 mine,
403 2115 449 2170 sed
462 2133 552 2167 errore
565 2114 675 2167 minime
690 2115 814 2168 obscuro.
855 2115 985 2186 equestris
998 2114 1100 2168 ordinis
1117 2127 1247 2168 matronae
1264 2127 1293 2168 et
1306 2117 1374 2188 ipsas

303 2197 376 2262 Alii,
391 2221 402 2244 ι
417 2207 447 2248 nt
467 2193 495 2246 in
508 2211 600 2247 somno
611 2211 718 2266 qnoque
727 2233 734 2258 ,
744 2207 811 2248 ete·
858 2197 937 2266 longa
948 2209 1035 2260 reste,
1054 2195 1108 2248 boc
1122 2207 1176 2264 est,
1193 2194 1260 2248 stola
1271 2209 1375 2249 matro-

304 2277 339 2330 Et
354 2276 444 2346 print,
471 2273 592 2327 «inserta
614 2273 819 2344 margaritarum
859 2277 913 2329 nali
926 2293 988 2329 usae.
1003 2275 1201 2339 antibarim,
1220 2275 1376 2347 quibusque

304 2354 441 2427 pondera,
455 2378 466 2402 ι
482 2353 582 2407 habent
594 2353 672 2407 MSS.
685 2371 778 2406 ornnes
790 2365 818 2407 et
859 2357 952 2408 Venus
966 2374 1022 2407 non
1039 2355 1218 2424 inpermissa,
1235 2371 1321 2426 quum
1335 2356 1376 2409 al·

305 2447 414 2490 vetustae
427 2433 575 2499 editiones3
594 2451 664 2500 non,
681 2445 711 2486 ut
730 2431 817 2487 codex
859 2435 913 2488 tius
936 2434 1038 2488 tunicas
1064 2435 1267 2507 succingerent,
1287 2447 1320 2488 nt
1341 2454 1376 2489 ex

305 2514 422 2570 Pintiani
443 2514 619 2585 interpolatus
638 2514 735 2581 habat,
760 2540 772 2563 ι
787 2515 817 2568 in
860 2514 961 2568 Ovidio
977 2528 1003 2568 et
1017 2515 1075 2568 aliis
1084 2516 1262 2587 scriptoribus
1272 2514 1377 2588 liquet,

236 2636 240 2645 .
306 2608 407 2649 secreto
438 2594 640 2665 margaritarum
667 2594 782 2661 sacculi,
802 2618 814 2641 ι
860 2593 941 2667 pedes
959 2595 1067 2648 circulis
1086 2594 1272 2648 aureiscultos
1285 2610 1377 2649 osten·

307 2692 367 2747 quae
388 2686 524 2746 postrema
541 2691 594 2726 ror
615 2672 745 2743 glossema
765 2685 818 2739 est,
860 2675 961 2729 tabant.
983 2676 1024 2727 Ita
1041 2675 1145 2746 egregie
1166 2675 1320 2742 Ferrarius,
1340 2674 1377 2729 de

308 2754 369 2808 loco
381 2753 454 2808 roris
466 2752 647 2825 primigeniae,
656 2753 774 2823 pondera.
784 2754 818 2806 Η.
861 2754 901 2807 lle
911 2756 981 2807 Vest.
991 2756 1038 2807 lib.
1053 2756 1110 2819 ΙΙΙ,
1125 2774 1148 2808 a.
1161 2772 1205 2825 17,
1219 2773 1246 2826 p.
1259 2774 1325 2826 ²²7·
1338 2754 1375 2809 ΙΙ.

306 2836 396 2887 -Et
406 2839 495 2885 inserta
506 2835 693 2902 margaritarum
700 2834 818 2904 pondera.
904 2834 947 2888 15.
958 2834 1123 2904 Poedagogiis.
1141 2835 1290 2888 Puerorum
1309 2833 1377 2887 edn-

307 2914 382 2967 Brot.
397 2930 430 2966 ex
444 2912 522 2965 MSS.
538 2914 621 2984 llegg.
638 2932 669 2971 a,
684 2913 699 2965 3
712 2950 720 2979 ,
734 2925 762 2967 et
776 2912 819 2966 ed.
861 2914 962 2967 cationi
980 2930 988 2967 t
1006 2915 1053 2985 qni
1070 2914 1155 2966 bullas
1170 2932 1264 2967 aureas
1277 2930 1293 2967 e
1305 2915 1377 2968 collo

308 2993 448 3065 principe,
468 3003 522 3044 set
535 2992 563 3044 in
578 3004 678 3045 secreto
692 2992 820 3063 margari·
865 3011 1002 3064 suspensae
1038 2994 1184 3065 gestabant.
1220 2994 1377 3065 Paedagcgia

309 3086 397 3127 tartrm
422 3072 518 3127 sacculi
533 3071 631 3137 ·,bcc
655 3082 711 3135 est,
733 3072 762 3123 in
782 3090 822 3124 ae-
863 3074 941 3144 pueri
955 3070 1094 3139 dicuntur,
1111 3074 1158 3145 qui
1172 3073 1199 3125 in
1211 3073 1314 3127 deliciis
1328 3074 1379 3127 ba·

307 3152 468 3206 cretionibus
478 3148 579 3204 aedibus
590 3149 821 3223 dormitoriisque;
863 3153 976 3216 beatur,
996 3154 1039 3206 rel
1059 3171 1206 3225 puerorum
1220 3153 1377 3208 multitudo.

308 3244 338 3286 et
350 3232 438 3286 statim
454 3250 530 3295 mor,
550 3230 597 3283 -n
613 3230 683 3283 collo
698 3229 822 3285 domina·
864 3233 933 3284 Das.
948 3262 986 3274 -
995 3232 1162 3303 paedagogiis.
1177 3232 1216 3287 Ut
1229 3234 1379 3305 periscelia,

309 3328 370 3365 rurn
382 3328 493 3364 amec.-
514 3312 567 3365 En.
864 3325 1012 3382 caeteraque
1029 3310 1129 3383 pedum
1148 3326 1175 3366 et
1191 3330 1300 3371 aarum
1316 3315 1379 3367 ria·

354 3410 398 3445 ta.
415 3390 450 3443 Ut
468 3394 493 3441 irs
510 3408 591 3442 somna
605 3408 705 3463 quaque.
719 3390 759 3443 Ut
780 3390 823 3444 rel
865 3392 923 3445 cula
937 3391 1052 3445 babeant
1065 3411 1158 3455 aurea,
1171 3391 1325 3465 pedagogiis
1336 3412 1379 3448 re-

302 3488 359 3543 ·per
371 3488 495 3523 somnum
504 3468 742 3523 occurrantanirno
752 3488 822 3523 mar-
863 3471 1022 3543 linquimus.
1033 3470 1218 3545 pedagogtum
1230 3486 1328 3526 coetum
1336 3493 1380 3528 so·

244 3598 249 3609 ,
310 3550 401 3622 garitae
411 3568 476 3621 quas
486 3559 597 3620 gestant.
609 3548 701 3603 Hann.
862 3562 912 3604 nat
924 3570 1086 3622 puerorum,
1098 3554 1146 3624 qni
1166 3553 1194 3604 in
1218 3551 1320 3607 deliciis
1333 3556 1381 3608 ba·

355 3632 400 3684 13.
413 3631 528 3682 Etiamne
540 3628 650 3699 pedidus.
665 3628 765 3695 Soccis,
776 3628 823 3700 qui
866 3632 972 3684 bentur.
988 3632 1058 3685 Hine
1069 3630 1207 3685 deminuta
1217 3650 1286 3687 voce
1300 3634 1380 3705 paeri

311 3710 462 3764 circulisex
478 3726 543 3762 auro
557 3708 753 3764 vincti.Hsnn.
866 3711 1000 3764 nobilium
1022 3710 1137 3765 ministri
1157 3715 1230 3785 pagii
1241 3712 1315 3784 apud
1330 3732 1381 3767 nos

355 3796 401 3853 14.
411 3789 494 3859 Atque
504 3792 567 3841 irater
578 3788 672 3841 stolam.
684 3786 823 3853 Quemad-
867 3790 1052 3863 appellantur,
1066 3792 1195 3867 inpages.
1207 3796 1249 3845 De
1262 3793 1305 3847 his
1315 3794 1383 3847 infe·

312 3867 424 3922 modurn
447 3869 474 3920 in
493 3868 558 3922 airis
578 3886 673 3921 surum
689 3868 717 3921 in
737 3868 823 3922 anulis
866 3871 923 3924 rius
937 3867 1040 3923 iterum
1048 3879 1107 3943 c'ap.
1126 3872 1174 3937 54.
1188 3870 1280 3926 llaan.

309 3946 491 4020 distinguebat
513 3964 529 4001 a
548 3948 621 4001 curia
641 3959 668 4000 et
687 3947 823 4019 aplelreio
913 3950 955 4003 16.
973 3950 1148 4025 Balineasque,
1165 3962 1217 4005 ete.
1239 3953 1284 4007 Sic
1302 3950 1379 4007 MSS.

309 4027 406 4081 ordine
418 4027 626 4099 equitea,atque
642 4026 760 4081 mediam
775 4045 822 4081 or·
870 4048 971 4084 omnes.
985 4030 1104 4085 Balineaa
1122 4049 1137 4085 a
1153 4030 1258 4086 balineo
1270 4031 1382 4085 differre

309 4102 401 4162 dinem
418 4108 550 4163 faciebat:
571 4108 606 4161 ita
622 4107 649 4159 in
666 4106 823 4161 mulieribus
868 4110 955 4164 Varro
966 4109 1104 4176 admonet,
1118 4110 1192 4184 quod
1202 4112 1255 4167 illae
1267 4111 1322 4166 sint
1332 4129 1382 4183 pa-
