2950 5000
308 434 375 516 124
575 433 613 500 C.
640 432 811 501 PLINII
836 430 943 499 NAT.
970 428 1098 501 HIST.

305 566 475 636 victoriam
488 564 688 635 Cimbricam
702 566 870 635 cantharis
886 579 1018 660 potasse
1025 562 1137 633 Liberi
1147 562 1251 657 patris
1266 584 1365 631 exem·

305 671 361 768 plo
381 671 537 757 traditur,
561 670 615 740 ille
632 687 745 742 arator
766 673 906 768 Arpinas
917 657 960 757 ²⁵,
981 684 1016 739 et
1036 667 1249 763 manipularis
1266 668 1365 763 impe·

305 792 398 847 rator
410 765 446 844 ¹⁶.

273 920 283 951 t
358 872 551 976 LIV.(xtr.)
560 885 801 979 Argentiusum
812 886 846 953 in
856 898 980 956 statuas
990 884 1135 979 primum
1145 878 1368 974 diri¹llugusti

304 991 339 1057 in
354 988 561 1059 adulatione²
573 1005 761 1086 temporum
780 993 953 1075 transisse,
969 988 1051 1059 falso
1067 990 1282 1058 existimatur.
1295 990 1366 1055 Jam

303 1098 392 1165 euim
423 1096 594 1191 triumpho
626 1100 743 1193 Magni
782 1099 930 1192 Pompeii
966 1098 1149 1191 reperimus
1180 1091 1368 1163 translatam

303 1189 519 1290 Pharnacis³,
544 1205 603 1297 qui
634 1207 763 1297 primus
789 1205 941 1300 regnavit
964 1205 998 1295 iu
1029 1206 1154 1288 Ponto,
1182 1212 1368 1293 argenteam

302 1394 334 1429 ac
350 1376 501 1447 peculiare,
516 1388 547 1429 ut
562 1362 660 1430 docent
672 1376 819 1431 Athenaeus
860 1396 920 1449 quar
932 1376 1017 1447 prima
1032 1374 1149 1427 nominis
1162 1377 1295 1443 Λυκοῦργος
1311 1384 1368 1425 eat:

303 1468 331 1509 ιι
345 1456 506 1511 Macrobius.
518 1457 611 1510 litun.
861 1468 891 1509 ut
901 1455 1067 1527 significetur
1076 1455 1226 1525 Augustum
1239 1451 1316 1505 luisse
1322 1452 1372 1523 Ly-

349 1537 395 1590 15.
414 1536 461 1588 Ille
478 1549 564 1588 arator
576 1535 694 1606 Arpinas.
713 1536 820 1591 Tullius
860 1554 975 1607 curgum
987 1534 1098 1587 aiterum
1108 1570 1116 1598 ,
1127 1534 1179 1585 hoc
1190 1544 1246 1592 est.
1258 1529 1370 1601 optima·

304 1614 441 1686 municipe
468 1616 554 1670 biario
587 1614 698 1687 gloriari
728 1617 820 1671 solitus
860 1634 921 1669 rum
942 1614 1031 1685 legum
1054 1612 1175 1665 initalia
1192 1610 1370 1677 conditorem,

304 1710 352 1749 eat.
366 1687 457 1749 Hian.
861 1707 893 1748 ut
915 1694 967 1748 luit
981 1694 1046 1745 olim
1064 1691 1255 1747 Laoedemone
1271 1690 1372 1760 Lycur·

349 1778 395 1829 16.
417 1776 579 1846 Manipnlarir
599 1779 736 1845 imperator.
759 1775 821 1828 Eie-
860 1792 925 1847 gua:
941 1773 1026 1827 ouieo
1041 1772 1167 1837 nomine,
1179 1768 1253 1842 quod
1264 1770 1373 1842 popula·

304 1866 363 1907 otus
374 1853 409 1907 de
421 1855 569 1926 manipulo.
584 1856 675 1908 lisso.
861 1872 903 1907 res
932 1870 994 1907 suos
1014 1851 1047 1904 ad
1065 1864 1169 1905 rectum
1189 1851 1250 1905 ritas
1272 1849 1370 1903 cultum

345 1935 420 1989 LIV.
438 1954 463 1988 r.
477 1937 586 2004 Argenti
598 1952 667 1987 usam
682 1938 707 1987 ira
724 1946 820 1987 statuar
861 1934 914 1987 suis
926 1932 1031 2005 legibus
1045 1931 1234 1996 transtulisset,
1248 1942 1308 1999 post
1319 1928 1372 1983 obi-

302 2018 407 2083 primurn
420 2015 472 2067 dior·
482 2016 605 2085 Augusti,
614 2027 666 2067 etc.
676 2014 821 2087 Tranquil·
861 2027 919 2069 turu
931 2012 1053 2067 dicavere
1069 2010 1213 2065 delubrum
1227 2008 1371 2079 Spartiatae,

304 2094 347 2147 lus
366 2094 396 2146 in
414 2095 481 2164 Aug.
500 2114 558 2147 un:
579 2120 591 2144 ι
603 2094 750 2165 Argentsas
764 2108 818 2147 sta·
861 2107 891 2147 nt
905 2090 1006 2147 Herod.
1021 2091 1068 2143 lib.
1083 2093 1098 2144 Ῑ
1111 2102 1210 2145 narrat.
1225 2089 1269 2143 Sic
1281 2088 1309 2141 in
1323 2107 1372 2140 nn·

306 2184 364 2226 tuas
390 2173 454 2227 olim
481 2174 533 2226 eibi
566 2173 666 2244 positas
687 2173 816 2227 conflarit
860 2174 981 2227 misruate
993 2168 1179 2242 altero,quod
1198 2168 1371 2231 adV11‚31,

306 2270 415 2319 omues,
435 2272 521 2324 exque
539 2252 570 2306 iis
592 2271 684 2306 aureae
704 2254 819 2307 cortinas
860 2253 1036 2325 protulimus,
1050 2250 1119 2305 idem
1135 2251 1269 2321 Angustus
1283 2247 1371 2301 eadem

305 2332 426 2402 Apollini
438 2332 558 2385 Palatino
571 2331 737 2386 dedicarin-
751 2334 819 2397 Quat
861 2334 918 2385 iere
936 2332 1040 2385 nurnmi
1059 2332 1146 2384 forma
1171 2347 1234 2383 curn
1265 2328 1371 2381 Platone

305 2412 392 2465 forma
403 2413 633 2465 rultnsinstatuis
643 2413 753 2484 Augusti
761 2414 819 2467 iue-
860 2413 1016 2473 confertur,
1047 2412 1084 2463 ob
1112 2409 1278 2481 sapientiam.
1306 2408 1373 2461 llius

305 2490 355 2556 rit,
366 2512 421 2545 non
440 2491 542 2564 liquet:
556 2491 630 2546 nulla
640 2493 713 2547 enim
726 2511 820 2565 super·
860 2484 985 2546 timi?
999 2492 1170 2545 ΣΕΒᾸΣΤΟΣ
1185 2510 1192 2542 :
1206 2486 1271 2543 inde
1290 2492 1372 2542 nta-

305 2584 354 2624 est.
373 2573 409 2624 Αι
427 2572 456 2624 in
478 2573 595 2626 nummis
612 2573 729 2643 antiquis
744 2591 819 2644 pena
860 2577 943 2626 ΤΩΝ.
959 2571 1053 2624 lniato
1066 2570 1235 2642 exprimitur,
1247 2567 1322 2639 quod
1332 2566 1371 2620 di·

305 2651 430 2704 omuibus
441 2652 522 2704 valuit
530 2650 659 2713 adulatio,
672 2671 731 2725 quas
740 2651 820 2705 deeo-
859 2663 932 2706 atum
944 2651 969 2704 ei
980 2652 1014 2704 ab
1026 2651 1138 2705 Horatio
1148 2661 1202 2714 est,
1210 2648 1258 2702 lib.
1268 2649 1311 2713 11,
1322 2649 1371 2718 Ep.

304 2749 367 2784 rum
390 2749 466 2796 eum,
492 2730 664 2802 ejusdemque
688 2731 818 2786 imberbis
864 2751 889 2794 r.
906 2751 931 2784 v.
948 2749 982 2784 1:
1007 2732 1124 2795 uQuum
1143 2741 1185 2782 tot
1203 2725 1372 2781 sustineaset
1439 2741 1441 2746 ·

306 2811 399 2864 formae
418 2829 482 2863 eum
499 2828 530 2863 ac
543 2811 667 2880 juvenilis
680 2811 817 2876 exhibuit,
862 2823 932 2864 nauta
949 2811 1056 2882 negotia
1073 2807 1373 2874 solus,Rea1talasar·

305 2908 390 2962 quum
409 2903 476 2943 esset
493 2907 624 2942 annorum
637 2891 818 2963 septuaginta,
860 2891 910 2944 mis
930 2890 1035 2955 tutaris,
1050 2889 1170 2943 moribus
1188 2905 1286 2954 ornes,
1297 2886 1372 2958 Legi·

305 2987 357 3040 qua
371 2969 423 3022 init
435 2971 478 3022 rix
488 2969 622 3023 vicenario
635 2973 729 3042 major.
742 2971 820 3024 Unus
859 2970 910 3023 bus
923 2967 1065 3034 emendes,
1077 2982 1127 3022 eto.
1141 2993 1152 3016 ι
1169 2967 1250 3020 Prior
1265 2977 1367 3020 tautum

306 3063 425 3120 superest
437 3061 540 3103 tantum
558 3069 590 3102 ex
605 3067 657 3103 aare
674 3049 816 3116 mediocri,
860 3049 946 3104 littera
959 3067 1043 3120 graeca
1060 3047 1175 3102 nominis
1191 3047 1309 3119 Lycurgi
1327 3064 1372 3116 ap·

304 3131 380 3198 eujus
395 3128 594 3200 contemplandi
613 3141 641 3182 et
661 3129 820 3200 explorandi
859 3129 969 3202 ponitur
981 3146 988 3182 :
1002 3127 1139 3183 indicante
1147 3127 1258 3180 solerter
1270 3125 1371 3178 nummi

303 3208 382 3261 nobis
399 3208 503 3279 copiam
524 3209 588 3262 l'eoit
607 3209 729 3264 eruditus
753 3209 821 3264 Ger·
860 3209 973 3280 opiiice,
997 3209 1058 3261 satis
1079 3225 1149 3272 esse,
1167 3206 1188 3259 si
1211 3206 1246 3259 ab
1263 3203 1372 3258 eruditis

305 3306 416 3341 manua:
429 3287 526 3341 tradita
542 3289 621 3342 etiam
632 3289 704 3342 ultro
713 3291 819 3360 gemina
860 3301 1045 3360 agnosceretur
1065 3288 1204 3358 Lyeurgus
1227 3303 1259 3338 ex
1288 3283 1371 3356 prima

303 3368 407 3420 nummi
424 3368 521 3440 effigie.
541 3370 657 3438 Augusti
674 3369 761 3422 vultui
779 3381 819 3422 sat
860 3367 975 3422 uminis
1001 3368 1104 3431 littera,
1133 3368 1238 3438 integro
1264 3365 1370 3418 nornine

304 3447 373 3500 mala
388 3448 475 3500 forma
495 3458 522 3500 et
540 3448 684 3508 rusticana.
699 3447 819 3519 adjectus
860 3467 914 3501 non
926 3465 1065 3518 expresso,
1083 3447 1119 3500 ob
1132 3444 1253 3500 odiosam
1268 3447 1325 3514 ejus
1337 3442 1370 3496 ai·

304 3539 343 3580 est
362 3526 458 3590 lituus,
478 3525 631 3597 symbolum
650 3541 816 3598 auguratus:
861 3527 1068 3600 gnificationeru.
1084 3527 1132 3580 Est
1143 3526 1213 3578 enim
1224 3522 1370 3595 Διιιῦργις,

304 3623 365 3660 cnm
387 3607 533 3678 epigraphe
550 3605 631 3658 latina
653 3625 764 3660 οιιιιι.
784 3609 816 3660 In
860 3625 911 3679 pro
922 3609 1050 3678 λιιιόοργος
1064 3626 1071 3658 ι
1087 3604 1161 3676 quod
1176 3604 1248 3658 idem
1264 3605 1332 3658 valet
1342 3619 1370 3656 ar

303 3686 406 3757 postica
424 3698 499 3757 parte
518 3686 608 3737 vultus
627 3699 667 3738 eat
683 3687 771 3740 senilis
789 3699 816 3740 et
861 3688 913 3758 apt
922 3691 975 3753 iro,
986 3687 1026 3740 rel
1040 3687 1110 3756 lupus
1122 3689 1208 3738 iratus.
1222 3685 1314 3738 liano.

304 3766 406 3835 gravis,
421 3766 501 3818 barba
515 3765 602 3836 crispa
612 3767 740 3837 aespiasa,
751 3784 815 3838 qua·
902 3785 929 3820 a.
945 3767 975 3818 In
986 3765 1133 3820 adulatione.
1149 3763 1273 3818 Gronov.
1291 3776 1317 3818 et
1330 3762 1368 3814 tt.

303 3845 336 3897 lis
350 3846 377 3898 in
391 3846 509 3898 nummis
521 3842 785 3900 Lacedaemoniorum
800 3865 815 3900 ι
860 3859 920 3900 ante
933 3845 1015 3899 Hasd.
1032 3869 1043 3890 ι
1053 3845 1086 3900 ad
1096 3844 1228 3898 bonorem
1246 3841 1303 3898 dir.
1318 3845 1368 3896 Au-

304 3924 374 3978 Gaza
395 3926 466 3997 regia
486 3925 607 3997 pingitur
625 3943 686 3979 curn
706 3925 816 3979 nomine
860 3939 931 3997 gust.
947 3926 974 3979 in
992 3925 1171 3979 adulationem
1185 3923 1350 3995 temp-En.

303 4010 504 4059 atnott’roz.
526 4005 579 4059 Sed
598 4006 642 4058 hio
666 4006 753 4077 capite
777 4018 817 4059 ιιι
901 4005 927 4059 3.
939 4007 1090 4069 Pharnacis,
1107 4007 1150 4076 qui
1158 4007 1253 4074 primus
1265 4003 1369 4073 regnant

198 4124 200 4128 ι
301 4084 438 4139 laureato:
464 4085 532 4139 inira
558 4085 645 4140 littera
669 4103 758 4156 greco
777 4095 816 4148 Λ,
860 4091 884 4138 rir
899 4087 991 4153 Ponto,
1011 4097 1060 4139 etr.
1080 4086 1145 4156 Ejus
1165 4084 1216 4155 qui
1234 4080 1368 4138 titurius
