2950 5000
297 454 343 525 ss
562 411 603 522 css
627 452 794 523 Ριιιιιι
818 452 924 521 uir.
948 452 1080 521 nrsr.

294 587 376 658 Ideo
396 602 431 657 et
450 588 576 682 optime
592 570 731 681 purget,
749 598 884 655 caeterus
901 582 973 678 ejus
983 582 1097 655 sordes
1110 608 1276 679 exspuens
1294 609 1366 655 cre·

293 693 358 763 bro
375 692 503 787 jactatu
521 692 678 763 fictilibus
697 693 732 761 in
755 692 862 775 vasis,
882 674 1050 760 vestibus⁶
1080 690 1216 783 injectis.
1240 690 1309 761 Sed
1328 706 1366 761 ut

292 802 402 895 ipsum
417 799 460 868 ab
471 824 554 869 auro
570 798 732 885 discedat,
749 799 781 866 in
796 796 898 892 pelles
912 797 1064 866 subactus
1077 796 1280 883 effunditur,
1303 822 1366 892 per

292 930 375 1000 quas
391 905 522 975 sudoris
533 908 613 981 ‘vice
629 904 793 990 defluens,
804 928 937 997 purum
955 901 1111 997 relinquit
1125 926 1256 972 eurum.
1271 905 1366 999 Ergo

291 1026 327 1081 et
344 1037 448 1107 quum
465 1036 531 1081 aere
548 1013 755 1097 inaurentur,
768 1009 926 1079 sublitum
941 1009 1083 1078 bracteis
1101 1009 1365 1103 pertinacissime

292 1118 412 1187 retinet
420 1116 442 1184 ⁷.
461 1120 588 1185 Verum
614 1115 740 1211 pallore
761 1115 885 1210 detegit
905 1113 1068 1210 simplices
1090 1129 1148 1183 aut
1175 1129 1365 1209 praetenues

290 1225 453 1291 bracteas.
473 1208 709 1317 Quapropter⁸
730 1222 765 1291 id
782 1221 908 1291 furtum
929 1234 1131 1317 querentes,
1152 1223 1208 1289 ovi
1232 1218 1364 1315 liquore

290 1328 433 1399 candido
451 1354 547 1397 usum
570 1354 645 1397 eum
661 1328 907 1397 adulteravere:
927 1352 1006 1397 mox
1025 1341 1058 1396 ct
1070 1326 1306 1421 hydrargyro,
1320 1327 1363 1397 de

289 1459 358 1529 quo
375 1432 454 1505 ειιο9
471 1434 619 1505 dicemus
639 1434 725 1505 loco.
745 1438 790 1505 Et
804 1434 882 1505 alias
897 1447 1071 1529 argentum
1085 1435 1198 1503 vivum
1214 1458 1285 1503 uon
1300 1431 1363 1503 lar·

289 1566 370 1635 gum
385 1555 557 1610 inventurn
575 1554 635 1610 est.

288 1768 349 1803 mo:
360 1766 448 1821 neque
457 1766 519 1801 eum
529 1748 662 1821 liquorem
672 1761 758 1821 potest
770 1768 802 1802 eo
842 1758 904 1819 pter
921 1758 1094 1812 vetustatem,
1111 1764 1187 1801 usum
1204 1766 1261 1801 non
1279 1748 1363 1805 babet

286 1847 370 1883 onere
379 1847 428 1881 suo
438 1846 575 1899 premere,
588 1848 675 1901 neque
685 1826 801 1897 elidere,
843 1827 985 1881 honestum
998 1846 1005 1881 :
1021 1826 1102 1897 panni
1115 1827 1144 1879 in
1155 1826 1284 1881 fictilibus
1292 1831 1362 1883 vasis

286 1928 337 1963 nec
357 1906 485 1978 dissipare
505 1909 657 1961 centenario
679 1908 799 1975 sublato,
840 1906 961 1978 impositi
982 1924 1060 1979 supra
1081 1906 1169 1977 ignem
1190 1908 1362 1962 comburun-

286 1988 308 2042 si
326 1987 365 2041 ibi
383 1988 441 2039 curi
456 1986 612 2057 scrupulum
637 1988 799 2059 imponatur,
841 1998 893 2041 tur.
913 1988 940 2039 Is
953 1984 1020 2041 cinis
1035 1984 1179 2057 conjicitur
1193 1986 1221 2039 in
1237 2000 1357 2059 squaru,

285 2066 470 2128 nonnstabit‚
489 2066 535 2119 sed
554 2066 688 2119 edimum
707 2086 798 2137 perse
840 2064 949 2119 additur
976 2066 1000 2119 ei
1020 2077 1158 2135 argentum
1183 2068 1303 2119 vivunt:
1330 2065 1360 2121 id

286 2144 463 2219 deprimetur.
485 2146 527 2198 lta
546 2166 600 2199 non
622 2144 798 2218 amplitudine
839 2159 927 2199 eutem
950 2164 1041 2198 omnes
1058 2145 1139 2197 mices
1158 2146 1217 2198 suri
1243 2146 1361 2218 corripit

283 2224 424 2300 ponderis,
446 2224 493 2277 sed
512 2244 608 2296 genere
632 2226 797 2297 singularum
840 2220 868 2277 in
881 2243 925 2291 sc,
939 2238 966 2279 et
981 2224 1053 2295 cogit
1071 2241 1159 2277 secum
1176 2223 1250 2278 coire
1267 2244 1361 2298 taque

284 2324 375 2359 rerum
386 2305 542 2375 gnaritatem
557 2324 626 2369 esse,
635 2324 689 2358 non
701 2316 740 2357 est
752 2324 798 2358 ue·
839 2301 950 2369 defusa,
964 2321 1046 2375 quum
1058 2300 1086 2355 id
1099 2302 1126 2355 in
1137 2322 1255 2375 pennum
1268 2305 1361 2359 iniun-

283 2383 427 2457 gsndum.·
442 2384 598 2437 Vitruvium
611 2382 721 2436 totidem
736 2401 797 2437 ver·
839 2383 923 2448 ditur,
932 2396 960 2436 et
973 2382 1012 2435 ibi
1025 2382 1149 2437 menibus
1162 2385 1308 2457 premitur,
1317 2404 1361 2440 ar·

283 2464 325 2518 bis
331 2464 398 2518 Isid.
409 2465 544 2536 expressit,
551 2463 646 2536 Origg.
656 2464 732 2528 XVI,
752 2464 796 2518 ιθ.
838 2476 945 2535 gentum
960 2482 1008 2536 per
1019 2462 1100 2534 pruni
1113 2462 1233 2518 raritates
1244 2478 1359 2537 propter

325 2548 352 2599 6.
366 2545 487 2596 Vestibus.
505 2545 671 2609 breuibus,
693 2544 795 2614 inquit,
838 2544 970 2614 liquorem
978 2555 1051 2596 extra
1061 2541 1272 2609 labitur,'surum
1280 2564 1358 2599 com·

283 2624 387 2697 injectis
406 2624 434 2676 in
453 2642 512 2675 vasn
529 2623 637 2689 fictilis,
653 2636 680 2676 et
692 2623 729 2675 ibi
742 2641 797 2676 cre·
839 2623 977 2694 pressione
990 2635 1112 2675 coactum
1125 2622 1192 2675 intre
1203 2643 1302 2694 purum
1316 2623 1359 2677 iu·

282 2703 370 2762 mutis,
382 2703 439 2756 suri
446 2701 536 2755 sordes
544 2717 647 2773 separat
656 2711 795 2772 argentum
837 2702 967 2754 renitun-
978 2701 1167 2754 ll.-Vestibus
1177 2706 1280 2774 injectis.
1289 2705 1359 2758 Har.

282 2783 374 2837 sirum
392 2783 424 2835 iis
437 2783 598 2835 immixtum.
618 2781 652 2835 H.
670 2814 708 2824 -
726 2783 794 2836 ideo.
836 2779 912 2835 duiui
923 2781 1133 2836 emendationem
1145 2781 1359 2854 poulosudscio-

281 2863 323 2916 Ex
343 2864 495 2934 conjectura
515 2880 564 2914 nos
585 2862 667 2931 primi
691 2863 794 2914 vestibus
837 2879 895 2913 rem
907 2861 987 2914 habet
998 2862 1200 2932 Broterius,qui
1213 2877 1277 2933 post
1288 2861 1355 2917 Pin·

283 2944 375 3013 injectis
386 2940 527 2994 edidimus.
538 2941 570 2992 In
586 2940 660 2993 libris
671 2939 705 2992 ttd
721 2941 794 2994 hunc
837 2939 939 2994 tionum
962 2940 1110 3012 rescripsit,
1139 2941 1213 2993 clusis
1240 2945 1356 3013 injectin

281 3021 353 3075 diem
364 3021 495 3092 vulgetis:
511 3046 523 3067 ι
537 3021 573 3072 itu
587 3018 658 3072 vitiis
670 3020 793 3092 objectis,
836 3020 879 3072 cui
891 3019 1070 3074 emendationi
1078 3020 1166 3073 iuvere
1174 3020 1354 3096 videturlieg.

281 3113 313 3154 ut
341 3101 428 3172 ipsum
452 3099 485 3152 ab
515 3117 580 3153 suro
605 3098 732 3153 discedat.
761 3101 794 3153 ln
835 3099 894 3153 Ms.
911 3099 942 3162 5,
962 3102 1193 3169 itaoitiisinjectis.
1208 3101 1354 3156 Alutaau·

225 3181 234 3196 '
281 3181 364 3255 pelles
383 3181 517 3243 subactus,
542 3191 616 3233 etc:-
633 3198 689 3231 non
711 3179 793 3233 unico
836 3190 889 3232 tem
913 3179 972 3244 illu,
992 3197 1039 3231 seu
1063 3179 1173 3246 talutitt‚
1195 3177 1354 3254 dequibus

281 3273 327 3314 sut
345 3259 585 3331 interpunctionis,
606 3270 652 3310 cut
672 3260 793 3328 interpo-
835 3259 887 3330 jum
899 3277 978 3328 snpra
992 3254 1094 3311 dictum
1109 3271 1147 3312 est
1157 3277 1217 3332 esp.
1231 3275 1354 3328 emunt

280 3340 388 3394 lationis
423 3339 502 3392 vitio.
534 3339 567 3391 In
604 3339 722 3391 Colbert.
756 3337 793 3402 3,
835 3339 894 3390 suri
909 3335 1076 3391 sordes..Eo.

283 3447 296 3469 ι
306 3419 432 3472 fictilibus
445 3419 472 3470 in
483 3419 562 3480 vasis,
574 3417 609 3469 ita
619 3418 729 3488 injectis.
738 3415 792 3469 Sed
876 3435 902 3487 7.
917 3417 1021 3470 Retices.
1042 3417 1139 3488 illigat
1162 3417 1207 3470 uri
1230 3418 1353 3474 bracteas

282 3512 311 3552 ut
323 3499 428 3569 ipsum,
441 3509 490 3549 etc.
508 3523 520 3544 ι
539 3499 604 3567 Reg.
622 3517 648 3560 α,
667 3523 678 3544 ι
689 3495 793 3549 Fictili·
835 3515 936 3550 surecs.
951 3497 1042 3550 llsno.

279 3579 331 3632 bus
350 3579 462 3630 invasis
475 3575 552 3630 tritis
567 3576 678 3646 injectis.
692 3575 744 3628 Sed
763 3589 793 3629 nt
877 3577 903 3629 8.
925 3567 1268 3646 <irrupi-optor.'Quaerentes
1295 3579 1351 3632 iur-

182 3714 187 3722 ,
280 3657 380 3728 ipsum.
390 3683 402 3704 ι
417 3657 460 3709 Sic
477 3669 503 3707 et
520 3653 634 3706 Pintiani
647 3653 741 3708 codex.
754 3656 791 3708 Ut
834 3667 891 3708 tum
904 3667 1006 3726 tegere,
1019 3673 1048 3709 nc
1062 3656 1193 3727 simplices
1202 3673 1252 3727 pro
1263 3659 1348 3730 gerui-

278 3738 385 3790 oestibur
397 3735 791 3805 injectisscriberemus,Vitru·
833 3735 889 3798 nis,
906 3735 947 3788 vel
962 3735 1094 3788 tenuiores
1109 3754 1158 3806 pro
1173 3737 1347 3791 messionibus
1362 3775 1366 3780 -

278 3817 338 3871 vius
357 3813 561 3887 persuasit‚qui
578 3833 636 3866 rem
650 3813 790 3881 eumdem,
833 3814 946 3867 bracteis
973 3813 1001 3866 in
1029 3831 1079 3866 erre
1097 3813 1245 3868 insui-endo
1265 3815 1346 3870 adhi-

277 3896 444 3958 tribuimur,
460 3895 583 3965 explanet
599 3892 715 3946 dilucide
733 3911 789 3946 ms·
832 3893 940 3957 bootes,
955 3911 1005 3965 pro
1019 3905 1127 3966 urgento
1142 3895 1203 3948 vivo
1215 3896 1345 3950 nativoac

276 3975 458 4048 gis.v11,s,
476 3980 526 4036 sss
544 3994 550 4024 :
572 3995 583 4016 ι
597 3973 742 4044 Quumque
759 3973 787 4026 in
833 3972 929 4037 fossili,
941 3972 1135 4044 hydrargyrum
1143 3970 1291 4043 sublinunt,
1298 3987 1346 4028 sut

276 4069 363 4121 veste,
383 4055 487 4126 iuquit,
515 4053 645 4106 intertum
676 4065 715 4106 est
740 4072 786 4105 eu·
833 4049 977 4107 candidum
990 4051 1044 4106 ovi.
1059 4051 1150 4107 Ηιιιῐ).
1447 4059 1451 4068 “

167 4147 169 4150 ‘
274 4156 353 4203 rum,
373 4152 457 4206 caque
475 4133 553 4187 restis
572 4131 701 4200 contrita,
721 4151 785 4203 pro·
871 4151 898 4202 9.
912 4131 970 4187 Suo.
981 4131 1055 4186 Infra
1068 4151 1129 4204 cup.
1145 4129 1294 4198 iniisse.
