2950 5000
436 450 592 519 LIBER
618 449 799 518 XXXVI.
1081 446 1154 532 ddi

150 581 307 652 Praxitelis
336 580 424 650 lilius
454 579 720 675 Cephissodorus
749 596 784 650 et
811 582 890 650 artis
914 578 1052 650 haeres⁷⁰
1080 580 1152 650 fuit.
1177 604 1206 636 1²

106 689 194 780 Cujus
206 688 373 758 laudatum
389 703 439 757 est
454 690 606 783 Pergami
619 685 869 781 symplegma⁷¹,
881 689 1013 781 signum
1029 687 1154 775 nobile,

104 793 196 888 digitis
211 795 342 887 corpori
357 795 486 878 verius,
505 817 606 886 quam
627 790 830 878 marmori⁷²,
845 795 1022 888 impressis.
1038 796 1155 864 Romae

35 939 41 948 ⁴
103 899 163 991 ejus
187 925 285 995 opera
309 914 413 968 suntz
438 903 566 969 Latona
587 900 621 967 in
649 896 766 967 Palatii
794 898 958 968 delubro:
982 901 1153 968 Venusia

100 1003 239 1075 Pollionis
258 1007 360 1076 Asinii
377 1006 624 1074 monumentis:
643 1019 677 1072 et
691 1006 777 1074 intra
789 1006 939 1074 Octaviae
953 1007 1101 1100 porticus
1119 1007 1153 1075 in

100 1111 221 1181 Iunonis
240 1111 311 1182 arde
325 1110 548 1206 AEsculapius,
569 1135 609 1180 ac
625 1113 747 1180 Diana.

144 1219 253 1313 Scopae
273 1215 345 1286 laus
370 1242 447 1288 cum
470 1215 521 1286 his
544 1231 657 1287 certat.
678 1217 713 1284 Is
733 1216 812 1286 lecit
826 1218 1013 1301 Venerem,
1033 1232 1067 1286 et
1087 1219 1149 1287 Po·
1172 1229 1206 1282 ι3

35 1307 40 1316 ’
98 1309 207 1412 thon⁷³,
219 1337 254 1393 et
268 1311 551 1410 Phaethontem⁷⁴‚
563 1325 619 1418 qui
632 1322 850 1391 Samothrace
864 1325 1077 1392 sanctissimis
1092 1349 1153 1393 cae·

98 1428 229 1499 timoniis
253 1427 421 1498 coluntur.
445 1435 527 1497 Item
551 1427 737 1526 Apollinem
759 1427 944 1498 Palatinum
954 1415 992 1516 ⁷⁵,
1015 1432 1153 1500 Vestam

96 1535 248 1606 sedentem
256 1520 282 1574 ⁷⁶
301 1525 468 1605 laudatam
489 1536 523 1603 in
540 1535 727 1605 Servilianis
748 1535 874 1620 hortis,
892 1535 1040 1629 duasque
1060 1536 1152 1604 Cha·

97 1641 263 1711 metaeras⁷⁷
280 1642 369 1710 cirea
388 1664 478 1728 eam,
493 1665 632 1736 quarm
648 1664 745 1736 pares
763 1643 797 1708 in
809 1641 912 1708 Asinii
930 1643 1152 1710 monumentis

94 1811 206 1852 armenta
230 1816 284 1869 qua
306 1796 390 1849 Urbis
414 1797 522 1871 regione
546 1798 596 1851 site
638 1797 677 1848 Ut
690 1793 966 1868 quodcuiqoesuom
979 1797 1096 1860 est,illis
1107 1797 1152 1850 tri·

94 1876 195 1940 fuerint,
203 1878 409 1948 inexploratum.
420 1878 459 1928 De
467 1875 476 1928 i
479 1893 527 1946 pso
536 1877 596 1930 Pol·
637 1873 735 1928 buntur
744 1894 751 1927 :
760 1876 878 1927 habento
893 1876 927 1928 Et
938 1875 1057 1930 flammas
1067 1877 1152 1929 Phae·

93 1954 155 2010 lione
165 1957 282 2012 diximus
295 1956 323 2008 in
335 1955 594 2011 Arctorumlndice.
637 1955 717 2020 thou,
733 1968 761 2007 et
779 1973 852 2008 mare
873 1956 1028 2008 Deucalion.
1044 1980 1056 2002 ι
1072 1957 1152 2008 Η.-

93 2035 126 2090 lle
143 2035 237 2090 Silenis
255 2035 377 2106 proxime
394 2046 480 2087 antea.
499 2033 533 2088 tt.
569 2030 574 2037 '
636 2032 801 2086 Samothrace.
813 2033 900 2086 Gron.
912 2048 937 2089 et
947 2035 988 2088 Al.
998 2035 1149 2089 antellard.

128 2135 168 2185 7⁰·
185 2117 221 2168 Et
235 2117 297 2166 artis
313 2114 397 2166 heres.
411 2113 497 2166 Gron.
511 2128 538 2168 et
552 2115 593 2168 Al.
636 2113 817 2167 Samothracia.
835 2113 886 2166 En.

90 2205 142 2248 ante
157 2193 241 2248 Hasd.
255 2199 292 2247 rei
303 2205 329 2245 et
342 2195 402 2244 artis
416 2193 501 2244 hoemsi
520 2194 573 2248 Eo.
638 2219 643 2226 =
676 2192 724 2262 75.
740 2191 879 2262 Apollinem
890 2194 1155 2248 Palatt'num.'Diver·'

124 2293 167 2342 71.
178 2273 340 2346 Symplegm
352 2271 515 2342 Complexus
525 2271 593 2327 duo·
633 2289 678 2325 aus
700 2271 799 2324 hicest
818 2273 1018 2344 aCapitolino,
1040 2272 1075 2326 de
1093 2293 1148 2345 quo

89 2370 140 2405 ram
154 2353 322 2424 puellorum,
336 2363 429 2403 mutuo
445 2355 500 2404 sese
513 2371 592 2406 oscu·
634 2349 747 2414 Plinius,
761 2351 842 2415 xltt,
856 2369 901 2422 ¹7·
913 2364 940 2404 et
953 2353 1085 2419 XXXIV,
1102 2357 1150 2419 18,

88 2431 187 2486 badum
211 2455 218 2485 ι
242 2431 286 2484 rel
308 2428 424 2483 duorum
445 2432 592 2484 colluctari·
633 2431 683 2484 etsi
705 2430 815 2483 unicum
837 2431 1023 2503 Dalemampius
1049 2432 1148 2486 conflat

88 2510 145 2565 tium
154 2534 161 2569 s
169 2527 200 2569 ut
210 2531 274 2567 mox
284 2512 337 2565 hoe
348 2511 406 2581 ipso
416 2511 511 2582 capite.
523 2514 591 2566 Dar..
632 2528 666 2564 ex
681 2508 796 2563 dnobus.
812 2511 906 2564 Hero.

121 2611 165 2661 ⁷²·
174 2594 279 2664 Corpori
287 2594 378 2654 verim,
389 2610 459 2661 quarn
469 2594 590 2647 marmori.
673 2594 721 2659 76.
739 2591 839 2642 Vestam
850 2591 975 2642 sedentem.
993 2590 1037 2644 Sic
1052 2591 1107 2647 fere
1119 2603 1146 2646 et

84 2751 152 2805 met.
167 2753 259 2805 Hann.
631 2766 711 2801 manu
736 2748 835 2812 lacem,
853 2748 957 2802 discum
977 2750 1077 2814 altera,
1097 2768 1144 2803 seu

118 2832 196 2901 73.1s
195 2832 262 2899 secit
269 2831 384 2882 Venerem
391 2840 415 2881 et
425 2829 528 2895 Pothon,
539 2842 588 2883 etc.
629 2826 780 2880 libatoriam
792 2841 911 2899 pateram
923 2830 1038 2899 profert.
1048 2830 1101 2881 Fax
1111 2828 1145 2881 ad

83 2905 185 2965 Peucen.
196 2911 227 2963 in
241 2908 325 2963 Attio.
336 2907 389 2962 hoc
400 2920 454 2968 est,
471 2910 528 2981 1,p.
540 2907 589 2964 81':
630 2906 718 2977 ignem
731 2909 865 2979 pertinet:
876 2906 965 2961 discus
974 2907 1008 2961 ad
1018 2910 1144 2962 sacrificia

82 2989 159 3043 haina
168 2984 214 3055 di,
227 2978 311 3061 hpue,
322 2986 364 3040 aet
374 2978 472 3058 Ῐμιρος,
485 2988 527 3041 isal
542 2991 590 3042 116-
629 2986 742 3039 solemni
752 2988 805 3040 ritu
811 3000 996 3059 perpetuoque
1005 2988 1100 3041 oblata.
1108 2988 1144 3043 Η,

81 3069 143 3129 lae·
157 3071 256 3139 Scopas
271 3066 396 3137 Cupido,
407 3066 550 3137 Appetitus
563 3080 590 3122 et
672 3084 718 3136 77.
734 3066 906 3119 Chametoeras.
920 3067 1009 3119 Socios
1019 3067 1094 3119 humi
1104 3086 1145 3121 se-

80 3144 189 3214 Portos,
203 3168 251 3202 seu
270 3144 446 3200 Desiderinm.
462 3172 474 3193 ι
493 3146 527 3199 Η.
629 3142 735 3210 dentes,
753 3164 809 3198 non
828 3148 856 3198 in
871 3144 957 3198 sedili.
978 3144 1142 3199 vertendum

36 3241 37 3245 ’
111 3235 160 3296 74.
173 3230 213 3281 Et
227 3227 409 3279 Phaethontem.
430 3226 546 3279 Revocat
558 3226 587 3279 in
628 3236 708 3275 scorta
728 3224 838 3277 minime
858 3238 937 3295 puto,
960 3226 1087 3297 quonium
1113 3226 1142 3279 id

79 3310 230 3361 memoriam
263 3305 364 3376 efligies
397 3322 428 3357 ea
455 3304 587 3375 picturam
629 3304 717 3357 Vestae
735 3302 872 3373 pudicitior
888 3324 944 3358 non
963 3306 1141 3359 conveniret:

78 3386 187 3454 ejusdem
196 3383 372 3440 Phaethontis
379 3384 473 3437 inscite
483 3386 587 3442 luctam,
629 3383 679 3435 nisi
695 3384 756 3453 quis
774 3396 852 3454 putet
875 3385 903 3435 in
926 3385 994 3438 facie
1013 3386 1142 3438 comitum

78 3461 188 3537 inquam
203 3464 324 3521 Lucilius
334 3476 406 3515 vates
417 3464 498 3517 facete
512 3463 586 3524 lusit,
628 3463 715 3515 Vestae
727 3455 882 3534 expressisse
894 3465 1062 3518 meretricum
1076 3463 1142 3517 dua·

77 3542 101 3594 io
114 3546 226 3599 Anthol.
240 3545 289 3597 lib.
304 3544 345 3607 11,
360 3542 399 3595 tit.
416 3562 450 3613 ¹9
466 3562 472 3595 s
486 3544 586 3613 I'pddae
627 3560 688 3595 runt
702 3542 859 3613 imaginem,
879 3561 946 3614 quas
956 3546 1077 3609 amabat,
1093 3562 1141 3614 pe-

76 3630 240 3685 nonnose,
254 3624 416 3693 Μινὶςρατι,
428 3622 470 3675 aad
481 3626 586 3675 ostam
628 3620 773 3691 dissequas.
785 3621 902 3686 Quidam
916 3625 1020 3695 legunt,
1034 3624 1144 3677 amma

75 3708 215 3767 anzoni(
228 3702 266 3763 τὶς
280 3702 373 3756 estem
384 3701 449 3765 ἄξιός
460 3704 496 3761 les
507 3702 586 3766 τίνοςς
628 3704 696 3755 trias.
709 3702 782 3754 Dar..
801 3730 841 3743 -
857 3702 1029 3755 Chametoeras.
1054 3710 1142 3773 Kopa-

75 3785 124 3843 ret<
142 3780 217 3844 tettae
238 3782 327 3843 adscire
346 3781 496 3851 τιμήσομεν·
520 3782 585 3845 ἄξιος
627 3782 704 3850 ταιρὶς
717 3779 938 3853 Hesychiorro'psn
949 3781 1143 3845 dicitur,scor·

75 3861 141 3924 ὄντας
161 3854 208 3925 dgr
223 3862 299 3931 πυρὸς
317 3862 428 3925 Φαέθων,
449 3861 584 3914 decentius
628 3872 693 3913 tum.
711 3860 846 3931 attrahe
860 3862 959 3914 sociam
973 3874 1000 3915 et
1014 3862 1141 3928 amicum,

74 3934 208 4005 δ’ὔδατος.
218 3968 229 3989 ι
238 3942 331 3993 Pictas
337 3940 493 4005 Deucalion,
502 3940 586 3993 Phae·
629 3941 713 4011 magis
727 3958 820 3992 severo
835 3958 866 3993 ae
879 3941 980 4012 pudico
992 3942 1070 3994 etiam
1092 3961 1142 3994 no·

74 4018 584 4093 thonqothenestrate,pictusEsttihi:
628 4020 700 4073 mine
729 4031 813 4072 sonat.
843 4020 934 4085 Quare
962 4022 1141 4093 Xspssaipee,

74 4098 585 4174 qnodignus,quu·ia,uterquelaborl
629 4098 1142 4173 sociasltumisedentesiuterpretor.H.
