2950 5000
423 396 587 507 urnuu‘
607 438 813 508 xxxvu.
1081 434 1151 531 617

97 572 220 669 indigne
236 569 336 640 tulit:
361 596 509 665 avusque
530 572 658 642 Servilii
676 572 842 655 Noniani,
866 594 967 665 quem
985 568 1154 639 consulem

97 678 229 747 vidimus
241 676 264 701 ¹¹
280 703 288 745 :
307 676 364 747 ille
387 680 594 771 proscriptus
615 678 762 774 fugiens,
780 677 904 745 hunno
927 675 1068 744 fortunis
1088 677 1156 745 suis

98 784 242 853 omuibus
260 782 395 853 anulum
414 782 549 852 abstulit
563 808 692 867 secum,
711 806 811 876 quem
828 796 956 851 certum
973 795 1023 849 est
1038 795 1155 850 sester-

96 890 169 957 tium
185 890 298 983 viginti
311 887 485 958 millibus¹²
499 890 707 959 aestimntum.
724 888 790 958 Sed
805 888 887 955 mira
896 888 1033 955 Antonii
1045 886 1156 955 feritas

96 1066 193 1121 dentem
217 1068 337 1121 Nonium
360 1082 447 1121 tamen
472 1082 598 1126 strumam
642 1068 747 1122 Deinde
759 1068 866 1121 sinistro
877 1069 969 1134 latere,
979 1086 1099 1121 errante.
1110 1070 1156 1119 'Iu-

95 1138 226 1219 appoint-
239 1147 599 1214 Tum.Adrere.iib.XX1,
642 1161 713 1219 tegra
738 1150 796 1202 haec
820 1149 947 1201 cententio
972 1160 1023 1209 est,
1050 1146 1156 1199 SEXtus

95 1245 146 1298 cap.
156 1248 182 1282 1.
191 1228 294 1280 Donec.
308 1258 348 1267 -
360 1230 395 1297 Q.
409 1229 529 1281 Catulino.
541 1227 600 1281 Nnc
644 1228 766 1281 NONlns
780 1228 888 1281 PRoetor
897 1228 980 1281 Ludos
989 1228 1090 1279 Votioos
1098 1226 1156 1278 Ple·

95 1306 281 1378 eiprunnrucu
298 1308 375 1361 MSS.
390 1320 525 1361 aruerunt:
542 1309 598 1379 typi
643 1307 706 1359 beios
731 1308 828 1359 Fecit:
848 1308 925 1360 Socra
945 1308 1064 1358 Victorino
1090 1306 1157 1359 Fieri

94 1387 258 1439 sustulerunt.
274 1387 367 1438 Hann·
640 1387 728 1439 Edtrn
736 1386 859 1451 Narbone,
871 1386 997 1439 Antonino
1005 1388 1107 1456 Sospite.
1113 1387 1157 1438 Se·

133 1482 175 1518 11.
191 1456 272 1534 (idern
283 1466 402 1517 oontniern
421 1466 533 1518 uidimus.
549 1466 599 1518 Su·
642 1478 715 1519 natus
721 1466 848 1519 Consulto.
863 1466 902 1518 Ita
918 1464 1041 1536 congruit
1054 1466 1157 1535 egregie

72 1545 186 1613 ‘premio
208 1544 267 1597 fere
289 1544 393 1597 Tiberii
419 1546 598 1615 temporibus,
642 1546 809 1600 titulneoum
823 1546 936 1614 pictura.
949 1544 1158 1597 AtcaveNonin·

95 1640 148 1675 cnm
163 1624 197 1677 C.-
208 1622 299 1677 Contio
311 1623 404 1687 Gallo,
418 1622 457 1677 id.
472 1624 600 1676 Servilius
639 1644 707 1678 num
717 1623 834 1695 aliquem
850 1624 879 1676 in
895 1624 978 1677 altero
991 1624 1040 1675 ieto
1054 1624 1156 1677 numin-

94 1700 129 1755 lt.
139 1702 167 1755 1².
177 1702 265 1757 Rufius
276 1702 601 1774 Noniannegeeaitconau·
642 1717 713 1757 mate
729 1702 876 1774 designari,
893 1702 969 1774 quud
987 1720 1020 1755 ex
1037 1720 1103 1754 auru
1119 1715 1159 1756 eet

95 1781 168 1835 iatum
177 1800 264 1847 ‚anno
277 1782 361 1834 Urbia
377 1784 445 1852 787,
462 1800 495 1835 ex
507 1782 599 1835 Fectio.
642 1780 714 1853 apud
723 1782 861 1835 Gorlreum
875 1782 919 1835 :in
927 1794 1004 1853 gente
1013 1779 1155 1834 Considio:

95 1859 141 1914 Hic
158 1860 341 1914 animadverte
363 1879 396 1913 ex
420 1860 601 1931 descriptione
641 1881 676 1915 ex
694 1874 805 1933 argento
818 1860 891 1932 apud
908 1860 1056 1925 Piatinutn,
1069 1879 1096 1931 p.
1112 1863 1158 1926 80,

93 1941 187 2009 generis
200 1939 309 1993 Servilii
319 1940 443 2003 Noniani,
453 1940 522 1994 hanc
532 1941 596 1993 snio·
642 1960 716 1995 num.
736 1946 761 1995 5.
787 1941 858 1993 Hinc
878 1942 957 1994 habet
973 1938 1030 1992 deae
1044 1939 1158 1993 Veneria

94 2036 118 2070 te
129 2020 257 2072 rationem
269 2020 458 2089 cognominum
467 2019 540 2090 apud
551 2022 602 2071 Ro·
644 2033 733 2090 myrto
745 2020 863 2073 cinctum
879 2032 976 2091 cnput;
997 2020 1078 2071 latere
1093 2017 1158 2071 dex·

94 2115 189 2160 manoe,
207 2112 238 2152 nt
250 2098 401 2151 desinentia
416 2098 445 2151 in
459 2102 529 2151 ianus
540 2117 603 2152 con·
643 2112 701 2166 tro,
720 2118 745 2153 c.
760 2118 870 2153 mnenon
884 2116 1021 2152 nonnam:
1036 2096 1159 2161 sinistro,

92 2177 172 2247 jugem
183 2178 227 2231 vei
239 2190 352 2230 matrem
360 2176 547 2248 significarent.
557 2178 602 2231 Sic
642 2177 676 2231 ad
689 2179 774 2231 imum
783 2216 791 2243 ,
801 2198 838 2231 ec.
850 2180 881 2231 In
893 2180 974 2231 altera
983 2189 1076 2248 parte,
1089 2178 1159 2229 clau·

94 2256 159 2308 enim
173 2258 280 2311 Nonius
291 2267 406 2321 uenator,
417 2274 481 2311 arne
495 2258 602 2311 Servilii
642 2271 696 2311 atra
709 2272 773 2311 eunt
785 2258 888 2312 effnbre
900 2260 979 2321 facta,
990 2274 1051 2310 curn
1064 2269 1158 2326 porta,

94 2334 209 2406 nannai,
221 2336 273 2390 fnit
286 2356 295 2388 t
308 2352 342 2387 en
354 2337 461 2391 ochema
475 2337 600 2408 generie:
643 2356 694 2408 qun
709 2349 782 2408 patet
796 2338 848 2389 iter
858 2336 1034 2406 adtempium
1047 2335 1072 2387 in
1087 2336 1157 2387 coile

225 2415 330 2472 Noniue
341 2416 462 2475 Struma,
642 2417 768 2487 positum.
792 2417 825 2469 Iu
848 2417 908 2486 ipro
934 2415 1002 2469 colie
1028 2415 1158 2486 scriptum

349 2483 354 2564 Ι
644 2510 683 2551 eet
697 2515 779 2550 nnnc.
792 2493 865 2566 quod
877 2515 941 2550 cave
957 2493 1079 2548 similiter
1092 2494 1160 2548 refe·

226 2574 333 2629 Nouine
347 2574 470 2640 Senator,
643 2594 686 2630 rna
708 2574 742 2629 ad
766 2577 900 2630 Venerem
921 2573 1072 2645 Erycinnru.
1096 2576 1158 2626 Vox

341 2642 348 2722 Ι
644 2673 766 2710 nunaut
783 2654 923 2717 admonet,
947 2673 1034 2725 neque
1056 2654 1159 2725 ipentn,

94 2731 190 2800 Nouia,
200 2735 303 2804 conjux
316 2733 433 2798 Servilii,
445 2733 491 2804 qui
501 2733 603 2786 Nouia·
643 2754 731 2806 neque
745 2735 862 2805 priorem
874 2732 1001 2806 proinde,
1012 2753 1036 2786 u.
1048 2751 1159 2786 conatur

62 2840 70 2870 ι
111 2813 585 2884 nuaexeocoujngionominetueeot.
643 2833 743 2868 nomen
766 2815 810 2866 hic
830 2833 892 2868 eene.
916 2814 1009 2884 Neque
1031 2814 1102 2866 enim
1129 2813 1156 2863 in

135 2945 141 2956 .
341 2889 347 2961 Ι
644 2893 762 2965 genitivo
778 2911 839 2946 onon
857 2892 964 2945 uomina
984 2891 1103 2944 virorum
1120 2893 1159 2944 le·

94 2968 215 3025 Servilim
226 2971 375 3036 Nonianus,
385 2970 467 3024 Nonii
476 2969 604 3023 cenatoria
645 2986 745 3045 guntur
764 2973 792 3024 in
808 2972 924 3024 nummis
937 2966 1034 3024 lutinie.
1049 2973 1084 3023 Et
1098 2989 1159 3040 qun

299 3069 392 3121 nepot.
644 3053 674 3106 in
688 3053 702 3103 1
718 3051 756 3104 ibi
769 3049 907 3114 desinunt,
922 3049 1031 3119 iegendn
1043 3061 1118 3113 eunt,
1131 3063 1162 3103 ut

94 3125 150 3182 Fnit
162 3148 193 3182 ex
207 3130 259 3182 hac
272 3143 351 3201 gente
365 3129 453 3182 Nouia
471 3130 532 3182 Sex.
549 3129 604 3181 No·
646 3131 769 3185 exeuntia
780 3131 806 3182 in
816 3134 861 3182 int.
874 3130 918 3182 Sic
928 3146 1030 3180 annunt
1045 3130 1161 3188 Anneiinn

94 3207 162 3274 nine,
177 3211 255 3279 cujm
271 3211 351 3262 estin
367 3209 492 3261 theeanro
502 3208 600 3280 Regio,
644 3223 701 3266 eat:
725 3227 795 3262 casu
822 3210 934 3269 Cassios,
955 3219 983 3260 et
1006 3207 1044 3260 cic
1065 3219 1160 3260 caetera

94 3297 119 3339 et
130 3287 200 3356 apud
211 3287 301 3340 Patiu.
318 3289 346 3340 in
362 3287 455 3340 Famil.
470 3305 531 3357 pog.
552 3291 601 3351 88,
644 3289 742 3344 omnia.
758 3287 891 3342 Sententia
902 3287 984 3358 igitur
995 3287 1160 3357 integraeat,

94 3381 165 3419 num.
181 3386 347 3428 1‚nummna
360 3379 507 3438 argenteus.
523 3367 555 3419 lu
567 3386 601 3420 co
645 3370 793 3439 Capitolium
804 3366 940 3422 Condidere
956 3365 1071 3418 Narbone
1083 3366 1160 3418 Sena·

94 3445 245 3498 Antoniam
269 3447 339 3513 Imp.
365 3447 461 3515 ciypeo
488 3445 599 3502 insidet.
646 3461 722 3512 torre,
741 3449 834 3500 lunotis
845 3449 1005 3498 Decurionnrn
1019 3445 1135 3516 Impensis
1148 3465 1158 3500 :

94 3519 180 3577 dextra
199 3539 294 3579 tenena
309 3525 435 3578 bacillum
460 3525 600 3596 imperato·
645 3527 813 3579 Narbonenses
823 3526 944 3596 Optavere
957 3525 1050 3578 Nomen
1066 3527 1161 3594 Imponi

93 3601 159 3656 rium
170 3625 177 3656 z
188 3623 204 3657 a
214 3617 289 3673 tergo
301 3605 419 3658 Victoria
434 3605 549 3676 palmam
563 3605 601 3658 oi·
645 3607 773 3660 ANtonini
789 3607 949 3676 Imperatoris.
966 3602 1068 3657 Deinde
1089 3623 1161 3657 unrc

93 3681 171 3734 nim·
185 3697 273 3748 teuet;
292 3681 384 3738 dextra
400 3701 529 3736 coronam
544 3687 601 3737 Au·
645 3687 839 3754 interpretare,
864 3683 1006 3750 Eeombiiis
1045 3685 1157 3735 Romanis
1217 3705 1226 3724 ·

93 3761 184 3815 tonino
194 3763 318 3833 imponit.
333 3764 422 3827 Infra,
442 3781 499 3816 sax.
521 3781 600 3816 nont.
645 3767 729 3817 Venus
746 3765 893 3834 Capitolino.
909 3763 1073 3834 Capitolium
1093 3763 1160 3815 Nar·

94 3838 125 3891 In
137 3843 255 3906 ambitu,
269 3861 315 3896 an.
332 3861 359 3895 a..
374 3863 400 3895 v.
413 3849 442 3895 ι’.
455 3861 479 3894 r.
497 3836 539 3909 .)(·
554 3843 602 3896 Ca·
644 3845 722 3897 bono
742 3844 887 3906 exetitinne,
906 3863 937 3896 er
954 3841 1070 3894 nummis
1087 3855 1112 3895 et
1129 3861 1161 3895 ex

94 3931 141 3988 put
160 3934 267 3974 aenatne
285 3922 449 3985 laurentum,
466 3921 540 3973 vultu
560 3940 601 3974 ee·
644 3923 775 3976 hintoricis
798 3921 963 3976 ostendimus
988 3921 1016 3973 in
1044 3923 1161 3976 nummio

96 3998 154 4060 nili,
166 4019 228 4052 enm
239 4001 333 4054 litteris
343 4002 373 4057 S.
383 4001 415 4054 C.
426 4014 498 4054 retro
504 3999 600 4053 adscri-
645 4004 809 4074 populorum
824 4015 849 4055 et
863 4002 983 4054 urbium.
995 3999 1083 4052 Hann.

97 4077 158 4145 μίας
170 4091 197 4132 et
213 4093 331 4150 aceptro,
345 4080 441 4151 insigni
454 4078 597 4151 potestatis.
692 4102 735 4135 ra.
750 4082 888 4136 Sestertium
901 4085 990 4150 uiginti
1001 4080 1113 4132 niiiidus.
1129 4081 1162 4134 In
