2950 5000
448 446 603 517 LIBER
627 446 833 517 xxxvll.
1103 438 1170 514 651

158 580 236 650 Lll.
257 577 449 649 Proximum
461 576 638 648 ceraunis&
655 602 779 647 nomen
793 576 882 672 apud
895 598 953 646 eos
967 576 1087 663 babet,
1104 600 1177 671 quae
1198 607 1209 645 ι

107 684 293 783 appellatur
306 685 364 753 iris
372 680 578 753 ’suffoditur
596 685 631 753 in
649 684 795 779 quadam
817 681 922 753 insula
941 682 1047 751 Rubri
1066 684 1178 767 maris,

106 816 180 887 quae
195 791 330 861 distata
349 792 510 859 Berenice
533 790 617 859 urbe
633 791 805 885 sexaginta
827 788 928 858 millia
949 812 1035 884 pass.
1059 802 1179 859 cratera

108 900 159 968 sui
176 911 273 992 parte
290 895 473 991 crystallus.
487 900 604 990 ltaque
623 896 757 991 quidam
782 895 926 969 radicem
944 894 1088 989 crystalli
1107 918 1179 965 esse

106 1004 272 1073 dixerunt
302 1005 453 1073 Vocatur
471 1027 513 1073 ex
535 988 752 1099 argumento³
780 1004 848 1071 iris.
879 1004 966 1071 Nam
998 1001 1060 1071 sub
1089 1014 1179 1071 tecto

106 1132 265 1204 pereussa
275 1108 360 1193 sole,
374 1110 498 1203 species
514 1124 549 1178 et
562 1108 691 1178 colores
702 1132 801 1179 arcus
812 1106 949 1177 caelestis
963 1110 997 1175 in
1011 1109 1179 1201 proximos

105 1218 251 1311 parietes
268 1213 464 1308 eiaculatur,
485 1215 625 1284 subinde
642 1229 792 1299 mutans,
814 1238 1000 1309 magnaque
1020 1216 1180 1282 varietate

107 1322 361 1391 admirationem
373 1322 423 1391 sui
437 1343 571 1417 augens.
588 1320 808 1416 sexangulam
822 1344 905 1405 esse,
916 1335 955 1390 ut
970 1318 1180 1414 crystallum,

107 1442 250 1497 constat.
269 1427 334 1496 Sed
353 1451 425 1496 esse
439 1426 565 1521 aliquas
579 1427 703 1497 scabris
716 1426 891 1511 lateribus,
910 1440 945 1495 et
959 1425 1088 1522 angulis
1102 1428 1178 1494 ium·
1199 1432 1213 1465 ²

106 1533 262 1629 qualibus
273 1532 406 1617 dicunt,
422 1534 456 1601 in
473 1532 542 1602 sole
560 1547 677 1627 aperto
696 1534 879 1627 projectas,
899 1532 1009 1601 radios
1025 1535 1059 1600 in
1075 1554 1111 1599 se
1129 1556 1182 1600 ca·

108 1640 227 1709 dentes
255 1638 445 1708 discutere:
467 1638 592 1733 aliquas
615 1664 697 1708 vero
725 1652 802 1707 ante
832 1664 867 1708 se
893 1638 1043 1733 projecto
1073 1636 1180 1706 nitore

106 1745 292 1841 adjacentia
312 1738 486 1813 illustrare.
508 1742 646 1815 Colores
661 1771 742 1815 vero
759 1768 827 1815 non
841 1744 903 1813 nisi
922 1770 963 1813 ex
980 1768 1086 1838 opaco
1107 1742 1180 1811 red·

108 1852 218 1933 dunt,
235 1875 298 1920 nec
319 1864 356 1919 ut
374 1852 453 1945 ipsae
473 1851 636 1938 habeant,
656 1852 714 1921 sed
735 1864 776 1919 ut
799 1874 994 1945 repercussu
1018 1851 1181 1944 parietum

106 1957 234 2027 elidant
249 1982 258 2025 τ
276 1958 483 2050 optimaque,
498 1982 573 2053 quae
589 1960 751 2027 maximos
766 1980 862 2026 arcus
877 1956 972 2043 facit,
991 1952 1183 2025 simillimos·

107 2088 176 2159 que
192 2060 389 2133 caelestibus.
406 2065 468 2131 Est
479 2076 513 2131 et
527 2060 590 2131 alia
604 2064 676 2151 iris,
688 2078 809 2133 caetero
821 2060 950 2147 similis,
964 2078 998 2131 at
1012 2060 1181 2156 praedura:

109 2194 213 2264 quam
228 2170 340 2238 llorus
349 2183 528 2237 crematam
544 2183 718 2263 tusamque
726 2168 769 2237 ad
784 2168 1043 2238 ichneumonum
1054 2190 1184 2235 morsus

109 2274 260 2345 remedio
276 2299 365 2354 esse,
383 2276 476 2343 nasei
492 2288 604 2344 autem
622 2276 656 2344 in
672 2274 806 2344 Perside
827 2273 937 2343 tradit.

163 2384 255 2451 Llll.
275 2379 396 2451 Similis
418 2394 468 2449 est
487 2396 644 2474 aspectu,
668 2380 726 2451 sed
752 2405 821 2449 non
847 2378 995 2473 ejusdem
1018 2378 1180 2462 effectus,
1205 2382 1216 2416 ¹

108 2514 185 2583 quae
201 2502 341 2557 vocatur
357 2511 452 2556 zeros
463 2484 486 2571 ¹,
497 2484 574 2556 alba
586 2488 748 2584 nigraque
763 2484 893 2556 macula
906 2488 940 2554 in
958 2501 1186 2556 transversum

109 2596 335 2690 distinguente
356 2592 558 2687 crystallum.
1277 2578 1281 2588 ’

109 2835 183 2874 anno
206 2820 294 2888 1667.
313 2816 472 2872 &nautas
495 2833 578 2869 unam
597 2815 627 2868 ia
671 2807 848 2885 rement),seu
863 2815 915 2870 irin
926 2815 1071 2883 Veterum,
1089 2820 1142 2870 iris.
1154 2816 1189 2870 Et

110 2909 311 2952 museonortro
324 2896 464 2950 Parisiensi
481 2912 627 2950 servamur.
671 2895 766 2950 οοᾶοω
797 2907 886 2948 tamen
915 2898 1025 2950 nomine
1048 2896 1190 2968 designant

109 2979 147 3032 Η.
156 2991 201 3020 -’
208 2978 288 3044 Quam
297 2978 323 3028 irr
333 2977 495 3044 locosulnr'ue
506 2979 565 3029 icto.
576 2975 628 3028 La·
671 2975 809 3047 crystallus
822 2973 949 3044 quasdam
961 2968 1048 3046 (quara
1064 2973 1187 3047 limpide),

111 3056 191 3130 pidet
215 3057 254 3108 illi
274 3056 320 3126 qui
342 3053 376 3108 de
398 3056 464 3108 calo
482 3053 629 3119 decidunt,
672 3067 739 3108 terte
753 3055 795 3107 Cl.
807 3053 901 3117 llrur,
914 3071 974 3124 que
988 3067 1060 3107 certa
1076 3055 1187 3108 inclina·

111 3149 160 3191 ant
178 3135 302 3189 desidem
319 3133 475 3199 ereduntur,
494 3134 573 3187 nobis
588 3133 629 3185 vi·
673 3135 746 3189 tione
759 3133 905 3196 adiciam,
918 3132 1013 3186 sideris
1026 3135 1187 3206 imaginem,

110 3216 215 3271 dentur
233 3234 289 3268 esse
308 3233 377 3286 quor
396 3215 478 3284 vulgo
496 3212 628 3275 dicimus,
673 3212 783 3284 siugulb
792 3211 945 3266 distinctam
955 3213 1098 3280 coloribus,
1109 3212 1190 3267 radiis

108 3300 204 3368 pierres
220 3298 384 3367 manriques,
399 3293 547 3346 moretm
560 3311 629 3363 qno·
672 3291 809 3354 refractis,
834 3291 863 3344 in
888 3287 989 3362 pariete
1010 3293 1100 3348 ricino
1127 3295 1189 3366 pin·

111 3371 236 3429 rum.de
259 3374 363 3444 origine
382 3373 526 3443 peritiores
542 3371 630 3426 adbuc
672 3384 748 3443 gunt
758 3371 811 3426 Eu.

112 3454 167 3508 riri
176 3473 233 3508 non
247 3453 424 3507 consentiunt.
437 3453 490 3505 Eu.
714 3451 741 3504 3.
755 3451 865 3503 Vocatur
876 3471 906 3504 as
914 3465 1063 3520 argenteum.
1074 3449 1132 3502 lloc
1142 3463 1190 3515 est,

154 3535 216 3588 Lll.
230 3553 255 3587 1.
265 3533 540 3586 Portunamnetu.
552 3533 630 3596 Quo·
673 3549 705 3584 es
718 3548 749 3583 re
762 3531 828 3602 ipsa.
839 3529 901 3583 lino
916 3528 1026 3585 totidem
1042 3531 1130 3584 verbis
1141 3531 1189 3584 So·

111 3614 187 3668 niam
199 3625 229 3666 ut
241 3632 257 3666 a
270 3613 384 3665 fulmine
394 3612 531 3675 ceraunia,
546 3611 583 3664 sic
597 3611 631 3664 ab
674 3610 755 3673 linus,
765 3627 824 3680 cap.
837 3627 943 3674 narn,
956 3629 982 3681 p.
996 3609 1032 3662 63
1047 3621 1072 3663 et
1084 3610 1192 3672 6631si·

112 3693 285 3748 monetari
294 3690 549 3745 irisnomenbabet:
562 3703 631 3743 utra·
675 3688 772 3755 dorus,
793 3689 841 3742 lib.
853 3690 936 3754 XVI,
956 3709 980 3744 c.
998 3689 1041 3742 13.
1064 3687 1190 3744 birrhod.

113 3791 170 3844 qne
187 3791 220 3826 ex
233 3769 407 3826 similitudine
421 3771 461 3824 rei
476 3769 587 3840 alicujus
600 3769 631 3824 in
674 3787 733 3840 cap.
743 3787 853 3822 xnrrrr:
874 3795 885 3817 ι
900 3770 978 3822 Clara
993 3769 1054 3822 luce
1070 3769 1193 3834 micans,

114 3871 178 3907 aere
191 3853 294 3923 genita.
309 3853 399 3904 llinn.
674 3851 726 3902 fert
733 3866 839 3902 cauum
850 3848 965 3902 nominis
976 3847 1065 3918 bajus,
1076 3859 1143 3900 etc..
1156 3849 1190 3900 H.

158 3951 186 3985 a.
203 3933 267 4001 Qua
279 3931 418 4001 appellatur
426 3930 631 3984 uuNonnut'n
713 3928 832 3982 L111.1.
853 3930 917 3999 Qua
938 3939 1042 3980 matur
1061 3945 1136 3980 uma.
1158 3929 1192 3980 In

114 4009 634 4080 idemesrerideturuclapir‚quemunnc
677 4007 756 4062 MSS.
775 4007 917 4071 hocloco,
939 4025 1012 4060 emus.
1032 4003 1062 4060 in
1081 4005 1193 4070 Indica,
1220 4054 1224 4062 ,

115 4103 228 4156 ruunt,
246 4111 322 4162 qrmra
335 4090 419 4161 hydris
435 4083 633 4151 iridlintdrieu·
677 4089 751 4158 lepor.
766 4087 855 4146 llam.
933 4086 935 4092 ’
