2950 5000
319 448 394 522 630
590 451 631 519 C.
656 449 826 519 Perul
850 448 958 518 NAT.
986 447 1117 517 HIST.

320 609 341 653 a
358 582 570 652 lucernarum
587 606 750 671 accensu,
764 596 878 651 tamen
890 581 1067 677 praecipuae
1084 576 1370 676 gratic².Nascitur

319 690 409 760 circa
421 688 634 773 Orthosiam,
649 703 785 783 totaque
802 689 919 773 Caria,
936 711 976 755 ac
993 687 1114 755 vicinis
1127 684 1222 755 locis:
1240 683 1294 753 sed
1304 708 1370 777 pro·

319 796 489 863 batissima
506 794 540 860 in
559 780 688 881 Indis³,
709 780 985 888 quamquidum⁴
1008 793 1222 861 remissiorem
1244 789 1371 859 carbun-

318 898 433 969 culum
450 924 521 969 esse
540 899 703 969 dixerunt.
722 899 875 970 Secunda
897 900 1046 967 bonitate
1070 896 1188 966 similis
1201 911 1248 965 cst
1264 898 1372 973 Ionia,

322 992 507 1102 appellata⁵
532 1030 553 1073 a
569 1004 714 1100 praelatis
740 1006 887 1075 floribus.
913 1008 957 1073 Et
977 1005 1065 1073 inter
1082 988 1160 1072 has⁶
1187 1003 1311 1071 invenio
1327 1001 1375 1069 dil·

321 1112 495 1182 screntiam
507 1136 515 1179 :
532 1136 633 1179 unam
648 1136 723 1206 quae
735 1134 886 1207 purpura
897 1110 1005 1180 radiat
1016 1134 1024 1177 :
1035 1108 1174 1177 alteram
1185 1130 1254 1203 quae
1269 1130 1375 1177 cocco:

322 1315 472 1369 Ιιιωηιαηω
482 1321 765 1389 remmompraecipua
778 1336 839 1388 gra·
879 1314 976 1377 India,
997 1306 1074 1384 cujus
1092 1314 1159 1367 lucia
1178 1314 1290 1384 vigorem
1308 1307 1379 1363 ardor

323 1398 358 1447 ¹⁸⁸⁰
373 1392 422 1459 (⁸10
439 1394 532 1467 prius).
552 1399 621 1468 Lege
636 1416 644 1450 :
660 1422 672 1444 s
684 1398 728 1452 Ex
742 1396 837 1450 eodem
880 1396 977 1449 excitat
997 1394 1180 1457 lucernarum,
1200 1410 1249 1464 qua
1264 1410 1294 1444 ex
1311 1408 1380 1443 eausa

322 1492 419 1545 genere
434 1475 584 1529 ardentium
596 1478 726 1549 Lychnis,
744 1476 838 1547 appel·
879 1475 1017 1547 lychniten
1031 1473 1117 1526 Graeci
1131 1484 1295 1525 vocaverunt.
1308 1496 1318 1516 ι
1330 1468 1360 1521 ll.

319 1554 372 1607 lata
398 1573 413 1607 a
434 1556 606 1612 lucernarum
630 1574 756 1621 accensu,
779 1568 837 1608 turn
922 1554 948 1607 3.
973 1554 1006 1605 Ire
1024 1552 1103 1605 Iudr's.
1125 1552 1256 1615 Isidorus,
1275 1550 1322 1602 loc.
1340 1548 1378 1601 eit.

320 1635 463 1704 praccipuaa
473 1636 573 1706 gratia.
585 1661 597 1682 n
609 1637 681 1689 'I'um
694 1636 839 1706 praccipuas
880 1632 1016 1686 Plutarch.
1031 1631 1079 1686 lib.
1096 1630 1132 1685 de
1142 1632 1254 1693 FlurIis,
1268 1648 1294 1700 p.
1307 1635 1380 1695 ¹¹⁴9·

319 1714 411 1783 gratiae
435 1733 492 1767 esse
518 1714 583 1768 dicit
608 1716 677 1768 banc
704 1733 838 1787 gemmam
877 1714 953 1782 juxta
985 1709 1129 1783 Hydaspen
1154 1728 1256 1762 smnem
1279 1704 1379 1779 repuiri

321 1810 405 1862 quum
429 1794 547 1846 lucernas
559 1812 674 1847 accensu
686 1808 761 1859 sunt,
775 1794 840 1865 quia
880 1804 1011 1844 asseverat
1028 1794 1167 1844 :Pssse'taat
1187 1786 1217 1842 dl
1231 1792 1253 1840 ἓν
1270 1792 1332 1857 αὐτῷ
1346 1786 1378 1838 tt-

320 1871 398 1941 vigor
409 1874 467 1941 cius
476 1886 503 1925 et
513 1872 593 1925 ardor
606 1875 736 1928 excitatur
747 1891 837 1929 socen·
879 1876 919 1931 dec
941 1871 1031 1938 Λύχνις
1046 1872 1209 1940 καλούμενος·
1226 1863 1336 1926 Mota<
1354 1861 1380 1916 li

320 1968 410 2003 sarum
427 1953 597 2005 lacernarum
611 1953 758 2024 flagrantia.
774 1952 834 2023 Seq.
881 1954 961 2019 ἰςντῇ
976 1951 1053 2019 χρόᾳ,
1069 1950 1110 2003 καὶ
1122 1951 1192 2011 (scie
1202 1946 1363 2001 adsullsau.

320 2030 359 2080 sio
377 2030 427 2098 leg.
441 2032 499 2083 «Et
513 2032 583 2085 iuter
596 2032 644 2085 has
658 2032 766 2085 invenio
784 2031 839 2085 dif-
922 2036 949 2095 4.
986 2030 1068 2099 Quam
1097 2029 1197 2100 quadum
1225 2030 1380 2089 rcm'ssiorets,

321 2110 483 2180 lerentiam,
507 2129 560 2163 una
588 2130 706 2182 purpura
735 2110 839 2179 radiat,
880 2121 931 2161 ete.
953 2106 1089 2175 Isidorus,
1109 2108 1162 2161 loc.
1180 2108 1226 2161 cit.
1253 2104 1379 2158 llemissim

320 2187 403 2240 altera
414 2206 502 2242 cocco.
516 2190 607 2243 Ascle
616 2191 783 2255 excalefacta,
793 2202 840 2244 aut
879 2187 1059 2240 carbunculus
1078 2204 1092 2238 a
1115 2188 1216 2240 nostris
1235 2185 1376 2257 appellatur,

321 2264 469 2338 digitorum
488 2270 581 2322 attritu
596 2270 683 2339 paleas
696 2282 721 2323 et
734 2271 838 2323 charta·
879 2268 945 2320 nabis
958 2268 1046 2321 buluir.
1066 2265 1159 2319 Hsao.

321 2364 383 2398 rum
397 2347 442 2399 fila
459 2348 493 2402 ad
507 2368 534 2401 se
547 2350 627 2420 rapit.
647 2376 659 2398 ι
672 2350 787 2402 Samis.
800 2381 838 2392 —
921 2347 947 2400 5.
961 2348 1034 2400 Ionia
1046 2348 1184 2417 appellata,
1198 2357 1249 2398 etc.
1264 2342 1382 2409 Quoniam

322 2425 435 2496 [archaia
451 2425 585 2493 Isidorus,
600 2429 676 2500 Orig.
692 2430 741 2481 lib.
755 2429 837 2493 XVI,
879 2426 958 2479 violat
974 2426 1092 2479 colorem
1113 2444 1170 2496 praa
1192 2443 1219 2477 se
1234 2425 1294 2485 lert,
1311 2434 1380 2474 etre-

322 2523 382 2576 cap.
396 2507 430 2560 rs
447 2525 455 2559 t
478 2534 489 2557 ι
505 2509 623 2579 Lychnis
636 2527 669 2562 ex
681 2507 776 2561 eodem
791 2527 837 2582 ge·
880 2517 1037 2577 proseutatp
1051 2505 1150 2558 durum
1164 2503 1286 2576 loquendi
1299 2519 1379 2572 genus

321 2603 387 2637 nere
413 2585 564 2640 ardentium
589 2600 628 2641 est
650 2588 798 2662 appellata,
824 2609 839 2640 a
881 2587 983 2640 Danau.
1002 2615 1042 2628 -
1061 2586 1089 2638 A
1108 2585 1220 2655 praelatis
1234 2582 1338 2654 floribus.
1362 2582 1380 2630 d

321 2663 490 2718 lucernarum
504 2665 651 2737 flagrantia.
666 2693 678 2713 ι
695 2667 787 2719 liano.
800 2697 840 2710 -
880 2665 1023 2736 praecipuis
1041 2664 1169 2726 floribus,
1191 2679 1286 2733 nempe
1305 2659 1383 2722 riola,

323 2743 435 2816 lychnis.
448 2746 483 2798 Et
495 2746 564 2797 hanc
577 2747 715 2801 Bruterius
733 2745 766 2799 ad
781 2765 839 2800 car·
881 2747 957 2816 cujus
980 2745 1101 2798 colorem
1120 2743 1214 2796 refert.
1235 2733 1272 2795 lo
1294 2739 1381 2794 Grecis

322 2823 454 2877 surculos
477 2825 575 2890 refert,
598 2825 773 2897 eamdemque
803 2826 840 2879 ait
880 2823 950 2876 viola
964 2835 1013 2876 est.
1027 2812 1114 2887 lussit,
1131 2824 1206 2875 locus
1221 2820 1295 2875 violis
1308 2818 1381 2872 consi·

322 2920 384 2955 curu
396 2920 430 2956 eo
444 2921 524 2973 quem
541 2917 671 2960 nostrates
685 2905 838 2976 appellant,
882 2916 935 2958 tus.
948 2903 983 2954 Η.
993 2934 1032 2946 -
1042 2903 1132 2964 Ionia,
1149 2919 1209 2972 quta
1224 2915 1334 2972 purpura
1345 2915 1381 2950 ra·

212 3019 217 3030 .
324 2981 389 3033 rubis
407 2982 505 3034 carim
522 2983 553 3034 de
572 2988 661 3046 κνίσῃ·
680 3002 760 3055 quarn
779 2984 841 3038 satis
883 2981 953 3047 diat,
976 2983 1099 3034 Broterio
1123 2980 1268 3050 fudice,le
1292 2977 1380 3039 rudit&

324 3073 386 3131 apte
399 3062 540 3130 peritiores
551 3061 744 3133 judicaverint,
755 3081 842 3134 quum
883 3066 955 3115 teinte
968 3061 999 3113 de
1008 3080 1132 3131 pourpret
1146 3062 1229 3114 altera
1240 3077 1297 3132 quat
1304 3073 1381 3118 coum,

324 3140 428 3193 Plinius
442 3160 476 3194 ex
489 3141 556 3207 hac,
574 3156 604 3195 ut
620 3163 637 3196 e
649 3141 841 3208 carchedonio,
883 3143 906 3194 le
924 3141 989 3195 rubis
1005 3141 1104 3194 couleur·
1119 3141 1269 3204 d'dcarlute,
1283 3157 1311 3189 aa
1322 3137 1382 3206 lapse

324 3237 385 3273 vasa
404 3221 511 3290 potoria
531 3221 646 3275 factitata
661 3223 741 3276 Iuiasc
754 3220 842 3276 tradat
883 3220 994 3294 Indique.
1005 3219 1061 3272 En.
1111 3271 1113 3278 ,

325 3299 395 3352 inira
405 3318 464 3371 cap.
479 3299 524 3354 30.
539 3301 590 3353 Eo.
924 3305 951 3355 6.
967 3300 1141 3352 sarmatas.
1155 3297 1379 3353 SicMSSmmncas

368 3397 394 3431 a.
416 3381 508 3431 Tamen
525 3384 657 3450 praecipua
674 3384 773 3450 gratita.
797 3380 842 3434 sic
884 3397 940 3432 nou
954 3391 978 3431 et
992 3379 1056 3430 alias
1077 3383 1185 3442 uteru,
1204 3391 1234 3430 ut
1254 3373 1320 3428 aditi.
1336 3371 1381 3422 lli·

326 3459 392 3529 lleg.
408 3477 434 3512 a.
453 3459 498 3512 Sic
514 3460 595 3529 paulo
608 3473 703 3525 antea,
716 3477 777 3529 cap.
794 3479 841 3523 ar,
884 3459 930 3513 bet
946 3460 1004 3512 huc
1018 3475 1127 3530 quoque
1140 3457 1269 3520 Isidorus,
1283 3455 1328 3506 loc.
1341 3451 1379 3504 cit·

329 3561 342 3584 ι
355 3536 500 3608 smaragdis
519 3551 608 3592 tamen
627 3539 758 3593 cedentes.
777 3564 788 3585 ι
808 3540 841 3592 In
886 3539 1009 3602 Solinus,
1022 3555 1081 3607 usp.
1094 3555 1152 3601 nrt,
1166 3555 1226 3608 pag.
1244 3538 1277 3588 82
1291 3554 1298 3584 ε
1312 3555 1321 3574 ι
1333 3531 1380 3583 uu·

326 3616 406 3670 Colb.
417 3617 448 3681 3,
464 3644 475 3665 ι
486 3633 544 3670 tum
553 3620 695 3690 precipuae
702 3618 811 3689 gratiae:
826 3643 838 3664 ι
886 3619 945 3689 ples
962 3618 987 3672 ei
1005 3618 1085 3670 facies
1098 3637 1104 3669 :
1119 3630 1164 3669 aot
1177 3618 1248 3670 enim
1261 3615 1402 3684 purpurea·

326 3695 400 3766 quasi
419 3715 504 3768 quum
520 3697 634 3750 lucernas
648 3697 843 3761 accenduntur,
886 3698 982 3750 emicat
997 3697 1133 3759 claritate,
1145 3709 1193 3749 aut
1207 3688 1381 3748 manciussuf·

327 3788 382 3826 tum
397 3793 508 3845 gemmae
518 3777 590 3829 illius
601 3778 721 3848 vigorem
732 3777 841 3830 excitari
887 3777 1010 3830 tunditur
1021 3777 1096 3828 cocci
1109 3776 1217 3828 rubore.
1230 3775 1261 3824 At
1272 3772 1291 3824 si
1301 3785 1380 3822 exus*

267 3907 274 3920 ,
326 3853 464 3924 signilicet.
480 3857 548 3920 Quaa
567 3874 642 3908 mens
660 3855 755 3909 Isidori
771 3867 842 3908 certa
886 3843 1379 3916 duitradiissolisincita,veladulorcm

327 3951 383 3984 non
398 3933 462 4000 luit,
479 3937 556 4007 cujus
571 3936 652 3988 verba
663 3937 786 4006 proxime
798 3953 840 3988 re·
886 3935 1031 4008 digitorum
1053 3935 1147 3987 attritu
1162 3933 1378 3991 excitauerunt

328 4011 439 4064 tulimus
456 4032 463 4066 ε
481 4026 509 4066 at
521 4015 573 4088 fuit
590 4015 688 4080 Solini,
705 4033 766 4084 cap.
783 4033 841 4078 ur,
885 4016 1020 4086 palearum
1036 4031 1122 4077 cassa,
1135 4025 1181 4066 aut
1193 4011 1327 4064 chartarum
1338 4002 1377 4054 ⁶¹³

328 4108 387 4162 pag.
403 4094 440 4146 82
454 4111 461 4145 τ
477 4119 489 4141 ι
501 4093 653 4164 [lychniten
667 4093 781 4166 perinde
790 4093 842 4148 lert
887 4093 921 4148 sd
931 4113 958 4147 ae
970 4093 1056 4164 rapit,
1072 4105 1123 4147 etc.
1138 4117 1149 4140 ι
1166 4091 1253 4144 Hans).
