2950 5000
350 425 421 500 230
623 426 661 493 e.
688 425 857 495 pontu
881 377 987 495 usin
1014 424 1145 494 urst.

348 587 418 631 non
437 562 472 630 in
494 557 565 630 aliis
588 557 745 644 metallis,
772 583 791 629 a
816 557 1008 652 stringenda
1027 559 1097 628 acie
1119 555 1282 628 vocabulo
1302 558 1388 651 irnpo·

313 670 421 751 3sito.
446 669 490 735 Et
517 665 691 736 fornacum
712 667 856 734 maxima
876 664 1064 734 differentia
1087 679 1137 734 cst
1159 692 1168 734 :
1191 647 1389 758 nucleusque⁶

346 773 480 868 quidem
500 771 580 841 ferri
592 773 788 867 excoquitur
801 773 835 840 in
853 771 906 841 bis
925 770 967 840 ad
985 771 1206 840 indurandam
1218 767 1388 841 aciem:ali-

344 905 418 973 qnae
440 879 610 948 modoad
637 877 822 948 densandas
844 877 999 964 incudes,
1026 877 1263 966 malleorumve
1291 890 1388 946 rostra.

342 984 496 1055 Summa⁷
518 1000 628 1055 antem
646 984 834 1054 differentia
855 986 890 1053 in
911 1009 995 1080 aqua
1016 1000 1083 1068 est,
1107 987 1161 1054 cui
1178 984 1314 1054 subinde
1328 1005 1389 1051 can·

341 1092 423 1162 dens
440 1078 674 1188 immergitur⁸.
690 1095 770 1161 liaec
787 1090 864 1160 alibi
885 1106 984 1186 atque
1001 1090 1079 1161 alibi
1096 1089 1209 1162 utilior
1223 1089 1388 1185 nobilitavit

339 1197 413 1270 loca
435 1197 539 1295 gloria
565 1198 661 1283 ferri,
683 1199 769 1269 sicut
789 1196 941 1268 Bilbilin⁹
954 1199 988 1266 in
1004 1199 1164 1294 Hispania
1185 1213 1221 1267 et
1238 1197 1389 1266 Turiasso-

337 1410 505 1477 emittantur,
520 1422 569 1463 aut
587 1407 661 1482 qnod
675 1409 792 1465 candore
804 1430 852 1465 no-
895 1411 988 1484 Origg.
997 1411 1074 1476 xvi.
1090 1431 1140 1478 ao,
1152 1410 1298 1482 exscripsit.
1311 1409 1386 1462 lina.

336 1503 405 1544 atros
415 1491 507 1544 oculos
522 1491 675 1562 percellant.
682 1491 778 1561 Virgil.
788 1495 849 1561 AEq.
937 1495 964 1546 8.
976 1491 1128 1546 Cus'sabs'nde
1136 1491 1240 1544 cardon
1250 1495 1386 1560 inmergite.

336 1569 420 1636 VIII,
431 1569 586 1624 «Stricturae
599 1569 741 1640 chalybum
754 1584 781 1624 et
794 1573 850 1624 for·
894 1571 992 1625 Varios
1012 1569 1106 1626 modos
1127 1569 1260 1644 purgandi
1279 1567 1387 1624 durandi

335 1651 446 1704 nasibus
465 1650 534 1721 ignis
550 1649 692 1703 anhelat.»
713 1650 849 1726 Stricturap
894 1669 947 1722 qne
969 1651 1032 1704 ferri
1055 1650 1137 1706 tradit
1153 1651 1273 1722 Magius,
1295 1650 1337 1704 lib.
1350 1649 1386 1712 u,

336 1747 427 1784 urana
445 1729 510 1784 terri
523 1730 575 1782 fusi
593 1742 620 1782 et
638 1730 771 1795 conteni,
788 1749 848 1802 qua
894 1749 953 1803 oap.
971 1735 999 1788 8.
1014 1731 1084 1786 Dia.

334 1809 365 1862 in
383 1811 491 1864 fornace
514 1806 658 1862 candentes
680 1811 800 1878 fervent,
821 1825 848 1866 et
934 1831 963 1880 9.
983 1811 1096 1864 Bilbilin.
1118 1810 1209 1864 Hodie
1232 1810 1301 1862 Villa
1319 1808 1384 1879 Vejs,

334 1890 431 1944 nitent.
441 1889 512 1942 Dan.
529 1919 569 1930 -
587 1886 723 1942 Strictum.
739 1889 848 1944 Stricta·
892 1889 920 1943 in
927 1891 1154 1958 Baubulomonte,
1166 1909 1252 1962 prope
1260 1889 1384 1952 Caietam,

335 1987 393 2029 ram
413 1981 510 2023 vocant
528 1968 630 2039 antiqui
650 1987 762 2022 massam
783 1969 847 2024 ferri
892 1972 1045 2044 Arragoniae
1058 1989 1152 2042 regno.
1169 1969 1309 2036 Martialis,
1322 1970 1385 2040 cujus

249 2048 251 2055 '
333 2068 381 2102 seu
407 2047 549 2111 laminam,
580 2047 656 2119 quod
681 2049 710 2102 iu
734 2068 845 2104 manans
891 2047 920 2102 id
940 2051 992 2105 tuit
1011 2051 1097 2104 natale
1112 2051 1217 2114 solnm,
1234 2050 1281 2104 lib.
1297 2051 1334 2116 x,
1348 2067 1384 2120 ep.

334 2147 414 2182 onam
429 2121 578 2200 stringitur,
598 2147 629 2181 ac
649 2129 781 2183 coalescit.
802 2131 847 2184 Sic
890 2147 966 2184 cut:
994 2130 1171 2200 ublunicipes
1203 2142 1308 2200 augusti
1330 2129 1384 2180 mibi

334 2208 423 2263 Varro
443 2209 561 2279 accepit,
584 2226 616 2260 eo
633 2207 694 2261 loco
713 2225 793 2280 quem
814 2228 845 2263 ex
890 2227 957 2280 qnos
970 2209 1074 2264 Bilbilis
1086 2210 1139 2262 alto
1157 2211 1252 2262 Monte
1265 2221 1384 2273 oreum-

332 2286 425 2342 Servio
435 2287 516 2357 paulo
524 2299 586 2341 ante
596 2288 745 2353 retulimus.
755 2287 845 2343 Nonio
889 2286 960 2358 pidis
978 2309 1045 2362 quos
1059 2289 1118 2343 Salo
1130 2289 1213 2360 cingit
1223 2289 1308 2360 aquis,
1317 2301 1361 2342 etc.
1371 2313 1380 2336 ι

332 2367 464 2422 strictura
489 2380 551 2420 sont
582 2379 608 2419 et
632 2368 752 2422 scintilla
781 2369 844 2422 ferri
888 2367 949 2423 Lib.
962 2371 1010 2431 tv.
1027 2387 1078 2424 nr:
1096 2397 1107 2417 ·
1122 2369 1177 2422 Nos
1186 2369 1269 2424 Celtis
1281 2368 1381 2440 genitos.

333 2445 470 2502 candentb
485 2468 491 2500 ι
506 2465 562 2501 non
576 2447 673 2502 Plinio.
691 2440 784 2501 Hian.
889 2461 915 2503 et
926 2451 1052 2505 exlberis
1063 2451 1159 2505 Nostra
1168 2449 1279 2503 nomina
1289 2447 1382 2502 duriora

373 2531 401 2582 6.
426 2528 585 2599 Noricosque.
605 2529 637 2580 In
665 2527 842 2599 quibusdam,
887 2540 964 2583 terras
984 2530 1067 2583 Grato
1097 2548 1151 2583 nou
1175 2529 1276 2601 pudeat
1297 2530 1383 2583 referre

331 2605 432 2679 inquit,
444 2608 598 2661 fornacibus
609 2606 710 2661 ferrum
720 2609 844 2681 excoqui·
886 2626 964 2663 rma
976 2631 982 2661 :
998 2611 1073 2663 Savo
1084 2610 1192 2663 Bilbilin
1200 2610 1326 2682 optimam
1336 2626 1381 2661 me·

332 2685 472 2759 tur,quod
485 2685 657 2740 durissimum
674 2700 772 2753 eet,ao
788 2688 842 2743 rel·
887 2688 965 2755 talio,
993 2690 1060 2756 Quae
1087 2690 1169 2743 vincit
1197 2690 1381 2762 Chalybasque,

331 2767 493 2821 uti'metelli
513 2767 639 2830 nucleus,
659 2766 693 2820 ad
711 2766 841 2821 induran·
885 2767 1078 2842 Noricosque.»
1095 2770 1229 2823 Nummus
1242 2767 1381 2841 Augustiin

332 2844 395 2900 dam
417 2847 519 2912 aciem,
543 2846 596 2899 boc
619 2859 673 2910 est,
696 2865 753 2899 eam
776 2847 839 2901 ferri
885 2848 999 2902 Cinaelio
1018 2850 1088 2920 regis
1104 2846 1380 2916 christianissimas

330 2940 451 2998 partem,
468 2944 530 2999 qne
544 2938 624 2980 secat.
647 2925 692 2979 Sic
712 2940 842 2997 tempera·
883 2926 953 2981 berii
977 2947 1086 3001 quoque
1113 2942 1140 2981 et
1162 2929 1289 2999 Caligulae
1311 2948 1318 2984 ι
1338 2944 1379 2979 ιι.

331 3018 376 3059 tur
403 3005 431 3059 id
461 3004 535 3077 quod
557 3006 663 3058 barbari
687 3006 840 3077 Glossssqoe
885 3025 1001 3061 aversas
1016 3026 1147 3063 aturrus.
1163 3010 1320 3080 Municipirns
1334 3009 1379 3060 As·

330 3090 447 3140 celarium
461 3098 573 3145 vocant,
587 3085 617 3137 de
630 3086 723 3138 l'acr'er.
735 3086 779 3140 Sic
788 3099 839 3141 tot·
881 3100 955 3155 gusta
971 3088 1076 3142 Bilbilis.
1089 3091 1226 3159 Aquarnm
1241 3107 1303 3142 vero
1312 3086 1379 3151 dote,

328 3164 401 3219 idern
420 3166 528 3238 syllabis
545 3165 716 3237 apicibusque
734 3166 798 3239 fleg.
822 3187 836 3221 a
883 3184 938 3221 non
966 3166 1135 3235 fodinam,
1162 3186 1222 3240 quta
1250 3169 1327 3221 nulla
1346 3166 1378 3219 ibi

326 3244 391 3299 cod.
410 3245 484 3300 Editi
501 3245 628 3299 hactenus
640 3245 723 3299 libri:
738 3247 792 3299 «In
805 3246 839 3301 iis
882 3260 960 3313 sunt,
975 3249 1045 3303 ferro
1056 3249 1165 3319 gloriam
1180 3248 1285 3321 parari.
1300 3244 1378 3301 ntPli-

328 3322 454 3397 equidem
473 3324 583 3378 nucleus
606 3325 727 3380 ferri...
749 3326 838 3399 aliquo
881 3325 942 3381 nius
963 3329 1015 3395 ait,
1030 3330 1109 3382 etiam
1124 3328 1254 3381 Martialis
1272 3340 1378 3391 testator,

293 3476 296 3480 ,
328 3404 420 3459 modo.
434 3431 446 3453 ι
460 3405 495 3459 Et
506 3404 625 3457 salmasii
639 3407 837 3476 conjecturam,
881 3406 929 3479 qni
945 3406 1048 3461 Salonis
1063 3426 1161 3462 nomen
1179 3408 1222 3461 bis
1244 3408 1321 3462 fuisse
1336 3407 1375 3460 ait.

326 3484 437 3557 nequid
448 3484 644 3557 pretermisisse
656 3484 837 3551 videar,nunc
880 3484 983 3557 Adjicit
998 3488 1069 3541 enim
1086 3488 1172 3541 verbis
1187 3488 1309 3559 proxime
1319 3486 1375 3540 reci·

326 3582 468 3637 exponam.
479 3564 523 3619 Sic
534 3564 613 3635 igitur
625 3564 670 3617 ille
685 3566 712 3618 in
728 3564 836 3631 Solino,
880 3566 940 3618 totis
949 3585 981 3619 ex
992 3567 1040 3621 lib.
1053 3568 1103 3633 tt,
1116 3586 1158 3641 ep.
1171 3586 1202 3619 ιι
1217 3586 1223 3621 :
1240 3594 1252 3617 ι
1268 3568 1302 3621 Et
1314 3567 1375 3619 ierrc

324 3662 386 3717 pap.
402 3648 518 3709 10842·
534 3643 567 3697 In
581 3644 715 3715 aliquibus
731 3646 834 3699 serrum
878 3645 993 3716 plateam
1023 3667 1073 3702 suo
1113 3659 1265 3721 sonantem,
1297 3648 1373 3712 Quam

324 3725 491 3797 excoquitur,
514 3724 565 3777 nisi
591 3722 624 3778 ad
654 3723 833 3779 indurandam
878 3724 961 3779 fluctu
977 3728 1066 3794 tenui,
1085 3726 1131 3781 sed
1149 3728 1272 3799 inquieto
1288 3727 1373 3780 Διωο·

322 3803 417 3858 aciem.
431 3831 442 3851 ·
456 3806 495 3857 Ac
514 3808 562 3857 nisi
579 3802 692 3875 intelligi
711 3824 763 3876 pro
785 3824 833 3857 non
876 3823 936 3858 rum
957 3803 1018 3860 Salo
1036 3819 1197 3879 temperator
1218 3806 1330 3861 ambit.-
1345 3805 1374 3857 Et

322 3888 370 3935 nbi
382 3885 469 3955 jubet,
480 3881 508 3937 id
519 3884 607 3938 minua
616 3884 748 3955 probante
762 3884 832 3937 Gro·
876 3884 1008 3951 lisxtv,
1020 3904 1178 3958 ep.xxx1n:
1192 3886 1372 3958 «Pagioqnear

320 3964 418 4029 novio,
432 3964 479 4035 qui
494 3964 581 4035 ipsum
598 3984 645 4015 aon
659 3967 707 4017 nr'si
720 3964 832 4018 rescribi
876 3964 964 4017 curvis
978 3965 1063 4037 signat
1084 3965 1173 4020 brevis
1193 3966 1278 4019 orbita
1294 3964 1372 4027 venis,

319 4040 348 4095 in
360 4055 490 4097 contextu
502 4044 610 4096 mavult.
621 4041 711 4097 Esau.
876 4044 1038 4099 Stridentem
1052 4046 1145 4118 gelidis
1154 4046 1228 4101 bunc
1239 4045 1296 4099 Salo
1305 4041 1372 4097 tinxit

359 4122 503 4194 Jasdfflme
519 4124 554 4179 Et
568 4123 641 4176 bunc
654 4124 745 4177 locum
764 4122 829 4179 Isid.
875 4124 975 4197 aquis-n
998 4126 1111 4181 Amnem
1135 4126 1208 4181 lrnnc
1226 4126 1340 4181 Salonem
1359 4139 1372 4173 a
