2950 5000
340 450 412 538 460
615 455 654 521 C.
679 453 847 522 PLINII
871 453 979 522 NllT.
1006 451 1130 522 HIST.

394 587 534 656 Invenio
549 599 584 654 et
602 585 797 655 Canachum
818 569 1020 654 laudatnm⁶⁶
1042 586 1129 653 inter
1147 584 1329 666 statuarios,
1348 583 1384 649 le-

274 681 277 690 ’
341 695 423 762 cisse
445 715 641 761 marmorea.
663 693 736 762 Nec
753 693 882 760 Sauron
906 705 1005 785 atque
1020 690 1224 760 Batrachum
1243 687 1386 758 obliterari

341 800 515 884 convenit,
533 799 590 891 qui
603 797 712 866 iecere
731 797 854 892 templa
864 783 890 837 ⁶⁷
903 797 1052 866 Octaviae
1065 796 1246 888 porticibus
1265 793 1386 875 inclusa,

341 908 477 973 natione
491 905 554 998 ipsi
564 905 723 973 Lacones.
734 903 880 992 Quidam
893 916 928 972 et
938 903 1058 997 opibus
1071 915 1291 996 praepotentes
1304 901 1387 969 fuisse

342 1036 399 1080 eos
417 1023 553 1104 putant,
582 1033 622 1078 ac
643 1032 702 1078 sua
722 1011 872 1104 impensa
898 1009 1141 1094 construxisse,
1163 1007 1387 1102 inscriptionem

342 1130 523 1210 sperantes.
539 1117 617 1204 Qua
629 1128 750 1209 negata
762 1167 771 1193 ,
785 1115 851 1184 hoc
865 1128 976 1184 tamen
989 1113 1054 1183 alio
1067 1111 1142 1183 loco
1155 1128 1190 1182 et
1205 1112 1302 1182 modo
1315 1135 1389 1180 usur-

342 1246 446 1316 passe.
469 1223 555 1292 Sunt
575 1235 665 1291 certe
685 1222 867 1293 etiamnum
893 1222 928 1288 in
949 1217 1180 1290 columnarum
1205 1202 1328 1313 spiris‘⁸
1349 1217 1388 1284 in·

342 1327 469 1422 scalpta
480 1327 656 1396 nominum
666 1325 781 1396 comni
792 1311 1026 1421 argumenta⁶⁹,
1038 1323 1163 1395 lacerta
1178 1323 1300 1419 atqne⁷'
1313 1343 1387 1390 mna.

341 1437 382 1502 ln
392 1430 484 1502 Jovis
495 1433 566 1502 aede
575 1434 736 1502 exstitisse
745 1434 927 1528 picturam,
936 1429 1285 1526 cultusquereliquos⁷¹
1294 1449 1389 1498 omnes

343 1539 493 1608 femineis
520 1541 724 1635 argumentis
747 1553 887 1608 constat.
912 1539 1044 1608 Etenim
1070 1536 1160 1606 facta
1183 1537 1317 1606 Junonis
1335 1531 1389 1602 ede

343 1670 446 1740 quum
465 1644 668 1714 inferrentur
690 1646 803 1740 signa,
826 1659 1031 1740 permutasse
1056 1640 1197 1736 geruli⁷²
1220 1641 1388 1712 traduntur:

343 1765 377 1820 et
399 1751 433 1820 id
454 1749 613 1846 religione
642 1751 866 1836 custoditum,
900 1750 993 1819 velut
1018 1747 1098 1843 ipsis
1127 1750 1202 1818 Diis
1231 1747 1334 1818 sedem
1355 1747 1390 1812 ita

343 1859 482 1951 partitis.
501 1859 593 1951 Ergo
615 1859 696 1925 etin
713 1858 853 1926 Junonis
870 1855 941 1926 mdc
955 1853 1064 1926 cultus
1080 1869 1146 1941 est,
1163 1855 1221 1948 qui
1234 1856 1321 1924 lovis
1335 1873 1390 1919 esse

342 1962 494 2032 debebat.

271 2147 274 2150 ,
291 2090 324 2139 ²9
396 2071 482 2138 Sunt
499 2082 533 2137 et
546 2069 581 2136 in
599 2069 710 2162 parvis
724 2069 918 2138 marmoreis
934 2067 1057 2137 famam
1076 2067 1294 2160 consequuti,
1315 2066 1389 2158 Myr-

344 2160 528 2257 mecides⁷³,
545 2175 641 2268 cujus
657 2174 853 2269 quadrigam
877 2199 954 2244 cum
974 2175 1136 2269 agitatore
1158 2173 1327 2268 cooperuit
1344 2167 1390 2236 alis

383 2348 582 2402 (imbellem.
592 2346 653 2399 Lib.
664 2347 795 2411 xxxw,
810 2365 854 2418 19.
941 2364 989 2416 7⁰·
1014 2346 1119 2398 Laeana
1142 2357 1215 2418 atque
1230 2345 1391 2412 mllmpe

383 2431 431 2497 67.
448 2428 584 2497 Quisecm
597 2427 693 2496 mpla.
704 2427 820 2480 Iunonis
830 2439 857 2481 et
900 2425 1024 2480 lacertam
1035 2425 1122 2479 Greci
1132 2431 1225 2496 «nopes
1236 2440 1262 2479 et
1268 2430 1349 2494 culpes
1356 2441 1393 2473 ro·

344 2508 488 2579 Apollinis,
501 2520 532 2561 ut
545 2507 608 2560 tlibi
624 2505 752 2560 diximus.
767 2506 802 2561 ll.
815 2540 856 2553 -
901 2518 975 2559 cant:
988 2506 1112 2576 βάτραχον
1126 2524 1230 2558 ranem.
1245 2506 1329 2559 illan.

221 2606 239 2621 ⁸
343 2585 532 2641 Soumateon.
545 2586 799 2656 Saum-erpino
813 2588 856 2641 in·
942 2602 990 2656 71.
1008 2584 1140 2656 cauasque
1163 2585 1274 2657 reliqraos.
1293 2586 1392 2655 Signat!

344 2667 400 2729 lm,
409 2667 459 2719 alac
468 2666 539 2719 modo
549 2684 692 2736 ascoperam
707 2665 750 2718 his
758 2685 856 2739 nempe
900 2676 1136 2723 monumemtum
1145 2682 1207 2734 qn·
1217 2666 1294 2717 saeris
1303 2662 1392 2715 damn

344 2747 559 2799 vocihnslocoet
568 2746 681 2799 omissis.
690 2746 744 2799 En.
900 2744 1060 2799 caerimoniis
1070 2738 1380 2815 magiecongmerentll.

385 2828 434 2879 68.
448 2826 479 2877 In
493 2826 655 2878 comarum
675 2828 756 2895 spiris.
777 2825 857 2878 Dice·
945 2840 992 2892 72.
1005 2823 1160 2875 Per-rentem
1176 2825 1259 2893 geruli
1279 2820 1392 2874 memor.

344 2923 404 2957 mne
419 2903 454 2958 de
469 2902 579 2977 hilcap.
595 2904 642 2957 56.
656 2904 757 2958 Bran.
770 2936 810 2947 -
827 2906 858 2957 lo
900 2903 966 2968 Quae
976 2902 1051 2955 lovis
1067 2902 1169 2971 templo
1185 2900 1393 2958 destinetemnt,

344 2984 584 3055 colamaammspiris
594 2983 858 3053 inscalptn.Cl.Win·
900 2983 928 3035 iu
943 2982 959 3033 J
963 2982 1059 3035 ononis
1078 2979 1134 3033 rede
1155 2982 1291 3052 posuisse,
1306 2991 1332 3032 et
1347 2976 1392 3028 rloe

345 3064 532 3127 chelmennne,
546 3064 697 3117 Monumenti
709 3064 803 3117 antichi
818 3066 855 3116 ln·
900 3080 983 3115 veram
996 3061 1194 3115 ll.-Dehebnt.
1206 3058 1392 3115 sedenim.

345 3144 417 3205 editi,
435 3155 500 3196 tom.
515 3146 559 3208 11,
579 3162 640 3214 peg.
659 3146 730 3213 269,
751 3142 857 3196 exhibet
942 3141 993 3210 73.
1009 3141 1177 3213 Myrmecides.
1192 3140 1268 3194 Idem
1282 3136 1393 3193 relati·

345 3241 421 3276 num.
437 3226 491 3277 ὀδ
507 3222 662 3294 capitellum
675 3222 798 3275 Ionicum
811 3240 856 3275 co·
900 3220 1001 3286 lienus,
1017 3221 1084 3274 Vor.
1098 3220 1200 3273 Hister.
1221 3222 1269 3273 lib.
1285 3221 1309 3282 1,
1323 3214 1393 3287 qaid

344 3302 445 3354 lnmnae
453 3301 527 3373 qnod
541 3301 628 3355 adhuc
637 3302 857 3355 exetatllomaein
902 3297 976 3353 addit
999 3300 1144 3371 elegiacum
1171 3299 1303 3353 distichon
1324 3294 1392 3348 etei!

345 3382 448 3452 templo
456 3380 512 3434 divi
522 3381 658 3435 laurentii
669 3394 744 3435 extre
757 3398 857 3434 muros.
902 3379 998 3432 litteris
1010 3380 1139 3450 scriptum
1160 3380 1242 3433 fnisse
1264 3380 1290 3431 in
1311 3372 1392 3429 senne

345 3462 379 3512 In
402 3464 461 3530 ejus
475 3461 575 3514 volutis
595 3458 786 3513 ridereestcx
805 3479 859 3513 una
903 3458 1010 3524 smmi,
1030 3459 1080 3511 lib.
1098 3459 1171 3521 vlt,
1187 3476 1249 3529 cep.
1269 3474 1310 3510 at.
1331 3450 1391 3506 Idu
1425 3440 1433 3469 ⁶

345 3552 421 3610 parte
440 3558 532 3594 unam
553 3541 700 3604 inversum,
720 3556 753 3592 ex
776 3538 858 3593 altera
902 3537 1082 3610 Myrmecides
1094 3554 1190 3590 nerem
1203 3538 1388 3590 tmrtnmet.

345 3619 480 3674 lacertam.
499 3618 570 3673 Male
583 3637 647 3689 ergo
666 3618 724 3670 MS.
742 3618 856 3689 uegrt,
903 3635 986 3689 qnam
1003 3617 1107 3687 apicula
1121 3616 1214 3687 pinnis
1228 3610 1390 3669 medan

346 3698 417 3758 edit.
433 3699 522 3769 princ.
535 3711 562 3752 et
574 3699 617 3753 Cl.
634 3698 799 3751 amnicus
811 3698 859 3751 ha·
900 3696 1002 3758 varro,
1017 3697 1065 3751 lib.
1078 3697 1119 3748 VI
1132 3694 1166 3749 de
1183 3696 1285 3766 Lingua
1301 3690 1389 3745 tasin:

271 3771 274 3776 ¹
346 3779 426 3843 beot,
441 3780 560 3850 epistyliis
580 3778 708 3848 insndpta.
726 3778 861 3850 Epistylie
906 3776 1027 3828 «Etenim
1042 3776 1390 3842 tantimobaemmopm

346 3857 419 3909 enim
436 3870 498 3911 eunt
512 3858 547 3909 les
558 3859 719 3920 mhitrnm,
733 3874 790 3909 non
803 3858 858 3928 ipss
902 3854 1076 3926 Myrmecidia
1086 3874 1118 3908 ex
1127 3855 1209 3909 ebore
1219 3848 1390 3907 continua-t

346 3937 533 3991 columnarum
545 3936 676 4011 capitella.
688 3938 773 3991 Bnor.
905 3936 927 3988 ei
938 3935 1101 3989 extrinsecus
1110 3932 1269 3987 edmoveent
1279 3932 1354 4001 nigre
1361 3941 1390 3975 ἒ·

389 4019 437 4085 ⁶9·
447 4016 862 4089 Arg-mumoniae
906 4026 974 4069 tas.»
990 4013 1117 4069 Hadrian.
1129 4014 1196 4066 Iun.
1206 4009 1388 4076 tiuvimpt·

348 4094 593 4166 Herdnrgumto.
603 4096 657 4150 En.
906 4094 1238 4166 Ditem—Myrmidn.
1251 4088 1389 4147 Etel'unfl
1415 4099 1418 4110 ⁴
