<?xml version="1.0" encoding="UTF-8"?>
<!DOCTYPE html PUBLIC "-//W3C//DTD XHTML 1.0 Transitional//EN"
    "http://www.w3.org/TR/xhtml1/DTD/xhtml1-transitional.dtd">
<html xmlns="http://www.w3.org/1999/xhtml" xml:lang="en" lang="en">
 <head>
  <title>
</title>
<meta http-equiv="Content-Type" content="text/html;charset=utf-8" />
  <meta name='ocr-system' content='tesseract 3.04.00' />
  <meta name='ocr-capabilities' content='ocr_page ocr_carea ocr_par ocr_line ocrx_word'/>
</head>
<body>
  <div class='ocr_page' id='page_1' title='image "./caiipliniisecun01plingoog_0363.png"; bbox 0 0 2950 5000; ppageno 0'>
   <div class='ocr_carea' id='block_1_1' title="bbox 334 357 1139 430">
    <p class='ocr_par' dir='ltr' id='par_1_1' title="bbox 334 357 1139 430">
     <span class='ocr_line' id='line_1_1' title="bbox 334 357 1139 430; baseline -0.002 0"><span class='ocrx_word' id='word_1_1' title='bbox 334 357 407 430; x_wconf 84' lang='lat'><strong>350</strong></span> <span class='ocrx_word' id='word_1_2' title='bbox 608 359 649 427; x_wconf 91' lang='lat' dir='ltr'><strong>C.</strong></span> <span class='ocrx_word' id='word_1_3' title='bbox 676 359 849 430; x_wconf 86' lang='lat' dir='ltr'><strong>PLlNll</strong></span> <span class='ocrx_word' id='word_1_4' title='bbox 876 361 986 430; x_wconf 78' lang='lat' dir='ltr'><strong>Nat.</strong></span> <span class='ocrx_word' id='word_1_5' title='bbox 1011 359 1139 430; x_wconf 88' lang='lat' dir='ltr'><strong>HIST.</strong></span> 
     </span>
    </p>
   </div>
   <div class='ocr_carea' id='block_1_2' title="bbox 241 485 1400 2184">
    <p class='ocr_par' dir='ltr' id='par_1_2' title="bbox 241 485 1400 2184">
     <span class='ocr_line' id='line_1_2' title="bbox 333 485 1382 587; baseline -0.001 -25"><span class='ocrx_word' id='word_1_6' title='bbox 333 491 489 562; x_wconf 86' lang='lat' dir='ltr'><strong>omnibus</strong></span> <span class='ocrx_word' id='word_1_7' title='bbox 503 490 575 586; x_wconf 87' lang='lat' dir='ltr'><strong>ejus</strong></span> <span class='ocrx_word' id='word_1_8' title='bbox 590 491 749 586; x_wconf 85' lang='lat' dir='ltr'>operibus</span> <span class='ocrx_word' id='word_1_9' title='bbox 764 491 919 562; x_wconf 87' lang='lat' dir='ltr'><strong>eumdem</strong></span> <span class='ocrx_word' id='word_1_10' title='bbox 933 485 1045 586; x_wconf 76' lang='lat' dir='ltr'><strong>regem</strong></span> <span class='ocrx_word' id='word_1_11' title='bbox 1061 491 1229 562; x_wconf 75' lang='lat' dir='ltr'><strong>sedentem</strong></span> <span class='ocrx_word' id='word_1_12' title='bbox 1243 495 1275 562; x_wconf 92' lang='lat' dir='ltr'><strong>in</strong></span> <span class='ocrx_word' id='word_1_13' title='bbox 1289 517 1382 587; x_wconf 72' lang='lat' dir='ltr'><strong>equm</strong></span> 
     </span>
     <span class='ocr_line' id='line_1_3' title="bbox 335 583 1385 694; baseline 0.002 -26"><span class='ocrx_word' id='word_1_14' title='bbox 335 601 478 669; x_wconf 79' lang='lat' dir='ltr'>Dianam</span> <span class='ocrx_word' id='word_1_15' title='bbox 496 596 753 668; x_wconf 84' lang='lat' dir='ltr'><strong>sacrificantium</strong></span> <span class='ocrx_word' id='word_1_16' title='bbox 770 583 968 694; x_wconf 80' lang='lat' dir='ltr'><strong>virginum⁵³</strong></span> <span class='ocrx_word' id='word_1_17' title='bbox 990 597 1095 668; x_wconf 93' lang='lat' dir='ltr'><strong>choro</strong></span> <span class='ocrx_word' id='word_1_18' title='bbox 1113 600 1266 668; x_wconf 84' lang='lat' dir='ltr'><strong>mixtam:</strong></span> <span class='ocrx_word' id='word_1_19' title='bbox 1280 599 1385 693; x_wconf 80' lang='lat' dir='ltr'><strong>quibus</strong></span> 
     </span>
     <span class='ocr_line' id='line_1_4' title="bbox 337 689 1385 800; baseline 0.004 -28"><span class='ocrx_word' id='word_1_20' title='bbox 337 707 456 774; x_wconf 85' lang='lat' dir='ltr'><strong>vicisse</strong></span> <span class='ocrx_word' id='word_1_21' title='bbox 485 689 656 774; x_wconf 84' lang='lat' dir='ltr'><strong>Homeri⁵⁴</strong></span> <span class='ocrx_word' id='word_1_22' title='bbox 685 729 802 774; x_wconf 86' lang='lat' dir='ltr'><strong>versus</strong></span> <span class='ocrx_word' id='word_1_23' title='bbox 836 704 969 774; x_wconf 87' lang='lat' dir='ltr'><strong>videtur</strong></span> <span class='ocrx_word' id='word_1_24' title='bbox 1001 704 1146 800; x_wconf 87' lang='lat' dir='ltr'><strong>idipsum</strong></span> <span class='ocrx_word' id='word_1_25' title='bbox 1181 705 1385 776; x_wconf 75' lang='lat' dir='ltr'><strong>describentis</strong></span> 
     </span>
     <span class='ocr_line' id='line_1_5' title="bbox 338 797 1387 914; baseline -0.001 -34"><span class='ocrx_word' id='word_1_26' title='bbox 338 812 447 881; x_wconf 82' lang='lat' dir='ltr'><strong>Pinxit</strong></span> <span class='ocrx_word' id='word_1_27' title='bbox 459 825 494 880; x_wconf 91' lang='lat' dir='ltr'><strong>et</strong></span> <span class='ocrx_word' id='word_1_28' title='bbox 509 835 583 906; x_wconf 76' lang='lat' dir='ltr'><strong>quae</strong></span> <span class='ocrx_word' id='word_1_29' title='bbox 595 810 687 906; x_wconf 84' lang='lat' dir='ltr'><strong>pingi</strong></span> <span class='ocrx_word' id='word_1_30' title='bbox 699 835 767 879; x_wconf 90' lang='lat' dir='ltr'><strong>uon</strong></span> <span class='ocrx_word' id='word_1_31' title='bbox 784 825 942 906; x_wconf 83' lang='lat' dir='ltr'><strong>possunt,</strong></span> <span class='ocrx_word' id='word_1_32' title='bbox 968 813 1136 914; x_wconf 65' lang='lat' dir='ltr'><strong>tonitrua,</strong></span> <span class='ocrx_word' id='word_1_33' title='bbox 1151 810 1198 880; x_wconf 86' lang='lat' dir='ltr'><strong>lul</strong></span> <span class='ocrx_word' id='word_1_34' title='bbox 1222 797 1387 907; x_wconf 78' lang='lat' dir='ltr'><strong>atraque⁵⁵z</strong></span> 
     </span>
     <span class='ocr_line' id='line_1_6' title="bbox 338 916 1217 1014; baseline -0.002 -26"><span class='ocrx_word' id='word_1_35' title='bbox 338 921 516 1005; x_wconf 89' lang='lat' dir='ltr'><strong>Brontem‚</strong></span> <span class='ocrx_word' id='word_1_36' title='bbox 530 922 713 1012; x_wconf 81' lang='lat' dir='ltr'><strong>Astrepen‚</strong></span> <span class='ocrx_word' id='word_1_37' title='bbox 726 916 995 988; x_wconf 77' lang='lat' dir='ltr'><strong>Ceraunobolian</strong></span> <span class='ocrx_word' id='word_1_38' title='bbox 1006 917 1177 1014; x_wconf 86' lang='lat' dir='ltr'><strong>appellant</strong></span> <span class='ocrx_word' id='word_1_39' title='bbox 1208 970 1217 986; x_wconf 95' lang='lat'><strong>.</strong></span> 
     </span>
     <span class='ocr_line' id='line_1_7' title="bbox 285 1023 1391 1120; baseline 0 -26"><span class='ocrx_word' id='word_1_40' title='bbox 285 1039 319 1104; x_wconf 70' lang='lat' dir='ltr'><strong>aa</strong></span> <span class='ocrx_word' id='word_1_41' title='bbox 391 1027 533 1096; x_wconf 86' lang='lat' dir='ltr'><strong>Inventa</strong></span> <span class='ocrx_word' id='word_1_42' title='bbox 549 1023 620 1118; x_wconf 84' lang='lat' dir='ltr'><strong>ejus</strong></span> <span class='ocrx_word' id='word_1_43' title='bbox 636 1038 670 1094; x_wconf 86' lang='lat' dir='ltr'><strong>et</strong></span> <span class='ocrx_word' id='word_1_44' title='bbox 684 1025 811 1094; x_wconf 75' lang='lat' dir='ltr'><strong>caeteris</strong></span> <span class='ocrx_word' id='word_1_45' title='bbox 833 1024 990 1120; x_wconf 84' lang='lat' dir='ltr'>profuere</span> <span class='ocrx_word' id='word_1_46' title='bbox 1010 1027 1043 1094; x_wconf 88' lang='lat' dir='ltr'><strong>in</strong></span> <span class='ocrx_word' id='word_1_47' title='bbox 1057 1040 1138 1094; x_wconf 83' lang='lat' dir='ltr'><strong>arte.</strong></span> <span class='ocrx_word' id='word_1_48' title='bbox 1158 1027 1271 1096; x_wconf 91' lang='lat' dir='ltr'><strong>Unum</strong></span> <span class='ocrx_word' id='word_1_49' title='bbox 1284 1023 1391 1094; x_wconf 79' lang='lat' dir='ltr'><strong>imitari</strong></span> 
     </span>
     <span class='ocr_line' id='line_1_8' title="bbox 338 1117 1389 1226; baseline 0 -26"><span class='ocrx_word' id='word_1_50' title='bbox 338 1156 437 1200; x_wconf 88' lang='lat' dir='ltr'><strong>nemo</strong></span> <span class='ocrx_word' id='word_1_51' title='bbox 462 1131 588 1226; x_wconf 91' lang='lat' dir='ltr'><strong>potuit,</strong></span> <span class='ocrx_word' id='word_1_52' title='bbox 613 1129 705 1226; x_wconf 86' lang='lat' dir='ltr'><strong>quod</strong></span> <span class='ocrx_word' id='word_1_53' title='bbox 725 1129 879 1200; x_wconf 87' lang='lat' dir='ltr'><strong>absoluta</strong></span> <span class='ocrx_word' id='word_1_54' title='bbox 900 1155 1002 1226; x_wconf 89' lang='lat' dir='ltr'><strong>opera</strong></span> <span class='ocrx_word' id='word_1_55' title='bbox 1022 1117 1240 1202; x_wconf 74' lang='lat' dir='ltr'><strong>atramento⁵³</strong></span> <span class='ocrx_word' id='word_1_56' title='bbox 1258 1130 1389 1201; x_wconf 82' lang='lat' dir='ltr'><strong>illicebat</strong></span> 
     </span>
     <span class='ocr_line' id='line_1_9' title="bbox 339 1235 1393 1332; baseline 0.001 -25"><span class='ocrx_word' id='word_1_57' title='bbox 339 1239 384 1308; x_wconf 86' lang='lat' dir='ltr'><strong>ita</strong></span> <span class='ocrx_word' id='word_1_58' title='bbox 405 1238 512 1326; x_wconf 85' lang='lat' dir='ltr'><strong>tenui,</strong></span> <span class='ocrx_word' id='word_1_59' title='bbox 532 1252 570 1306; x_wconf 93' lang='lat' dir='ltr'><strong>ut</strong></span> <span class='ocrx_word' id='word_1_60' title='bbox 590 1237 733 1332; x_wconf 88' lang='lat' dir='ltr'><strong>idipsum</strong></span> <span class='ocrx_word' id='word_1_61' title='bbox 758 1262 955 1332; x_wconf 86' lang='lat' dir='ltr'><strong>repercussu</strong></span> <span class='ocrx_word' id='word_1_62' title='bbox 973 1235 1140 1308; x_wconf 80' lang='lat' dir='ltr'><strong>claritates</strong></span> <span class='ocrx_word' id='word_1_63' title='bbox 1157 1236 1302 1308; x_wconf 79' lang='lat' dir='ltr'><strong>colonam</strong></span> <span class='ocrx_word' id='word_1_64' title='bbox 1317 1239 1393 1308; x_wconf 82' lang='lat' dir='ltr'><strong>exci-</strong></span> 
     </span>
     <span class='ocr_line' id='line_1_10' title="bbox 340 1341 1393 1438; baseline -0.001 -25"><span class='ocrx_word' id='word_1_65' title='bbox 340 1358 446 1433; x_wconf 86' lang='lat' dir='ltr'><strong>taret,</strong></span> <span class='ocrx_word' id='word_1_66' title='bbox 468 1341 714 1436; x_wconf 88' lang='lat' dir='ltr'><strong>custodiretque</strong></span> <span class='ocrx_word' id='word_1_67' title='bbox 735 1367 755 1412; x_wconf 89' lang='lat' dir='ltr'><strong>a</strong></span> <span class='ocrx_word' id='word_1_68' title='bbox 785 1343 923 1438; x_wconf 86' lang='lat' dir='ltr'><strong>pulvere</strong></span> <span class='ocrx_word' id='word_1_69' title='bbox 951 1359 985 1414; x_wconf 93' lang='lat' dir='ltr'><strong>et</strong></span> <span class='ocrx_word' id='word_1_70' title='bbox 1005 1344 1181 1428; x_wconf 82' lang='lat' dir='ltr'><strong>sordibus,</strong></span> <span class='ocrx_word' id='word_1_71' title='bbox 1205 1343 1249 1413; x_wconf 87' lang='lat' dir='ltr'><strong>ad</strong></span> <span class='ocrx_word' id='word_1_72' title='bbox 1273 1367 1393 1414; x_wconf 88' lang='lat' dir='ltr'><strong>manum</strong></span> 
     </span>
     <span class='ocr_line' id='line_1_11' title="bbox 338 1435 1395 1545; baseline -0.002 -27"><span class='ocrx_word' id='word_1_73' title='bbox 338 1450 480 1520; x_wconf 87' lang='lat' dir='ltr'><strong>intuenti</strong></span> <span class='ocrx_word' id='word_1_74' title='bbox 498 1449 632 1519; x_wconf 90' lang='lat' dir='ltr'><strong>demum</strong></span> <span class='ocrx_word' id='word_1_75' title='bbox 653 1465 841 1544; x_wconf 83' lang='lat' dir='ltr'><strong>appareret·</strong></span> <span class='ocrx_word' id='word_1_76' title='bbox 860 1450 926 1522; x_wconf 86' lang='lat' dir='ltr'><strong>Sed</strong></span> <span class='ocrx_word' id='word_1_77' title='bbox 943 1465 977 1520; x_wconf 90' lang='lat' dir='ltr'><strong>et</strong></span> <span class='ocrx_word' id='word_1_78' title='bbox 997 1475 1074 1521; x_wconf 88' lang='lat' dir='ltr'><strong>cum</strong></span> <span class='ocrx_word' id='word_1_79' title='bbox 1091 1453 1220 1521; x_wconf 88' lang='lat' dir='ltr'><strong>ratione</strong></span> <span class='ocrx_word' id='word_1_80' title='bbox 1230 1435 1256 1474; x_wconf 84' lang='lat'><strong>⁵⁸</strong></span> <span class='ocrx_word' id='word_1_81' title='bbox 1270 1473 1395 1545; x_wconf 79' lang='lat' dir='ltr'><strong>magna:</strong></span> 
     </span>
     <span class='ocr_line' id='line_1_12' title="bbox 340 1555 1396 1662; baseline 0.002 -38"><span class='ocrx_word' id='word_1_82' title='bbox 340 1582 383 1625; x_wconf 86' lang='lat' dir='ltr'><strong>ne</strong></span> <span class='ocrx_word' id='word_1_83' title='bbox 395 1556 546 1627; x_wconf 90' lang='lat' dir='ltr'><strong>colorum</strong></span> <span class='ocrx_word' id='word_1_84' title='bbox 562 1555 693 1662; x_wconf 68' lang='lat' dir='ltr'><strong>clapitas</strong></span> <span class='ocrx_word' id='word_1_85' title='bbox 706 1556 880 1626; x_wconf 89' lang='lat' dir='ltr'><strong>oculorum</strong></span> <span class='ocrx_word' id='word_1_86' title='bbox 899 1561 1002 1628; x_wconf 83' lang='lat' dir='ltr'><strong>aciem</strong></span> <span class='ocrx_word' id='word_1_87' title='bbox 1015 1557 1221 1644; x_wconf 79' lang='lat' dir='ltr'><strong>offenderet,</strong></span> <span class='ocrx_word' id='word_1_88' title='bbox 1234 1555 1330 1628; x_wconf 80' lang='lat' dir='ltr'><strong>veluti</strong></span> <span class='ocrx_word' id='word_1_89' title='bbox 1346 1580 1396 1652; x_wconf 86' lang='lat' dir='ltr'><strong>per</strong></span> 
     </span>
     <span class='ocr_line' id='line_1_13' title="bbox 340 1661 1397 1760; baseline 0.001 -29"><span class='ocrx_word' id='word_1_90' title='bbox 340 1661 483 1758; x_wconf 86' lang='lat' dir='ltr'><strong>lapidem</strong></span> <span class='ocrx_word' id='word_1_91' title='bbox 501 1662 706 1757; x_wconf 84' lang='lat' dir='ltr'><strong>specularem</strong></span> <span class='ocrx_word' id='word_1_92' title='bbox 720 1663 924 1733; x_wconf 88' lang='lat' dir='ltr'><strong>intuentibus</strong></span> <span class='ocrx_word' id='word_1_93' title='bbox 937 1688 955 1732; x_wconf 89' lang='lat' dir='ltr'><strong>e</strong></span> <span class='ocrx_word' id='word_1_94' title='bbox 969 1662 1171 1760; x_wconf 82' lang='lat' dir='ltr'><strong>longinquo:</strong></span> <span class='ocrx_word' id='word_1_95' title='bbox 1187 1679 1222 1734; x_wconf 90' lang='lat' dir='ltr'><strong>et</strong></span> <span class='ocrx_word' id='word_1_96' title='bbox 1233 1663 1340 1733; x_wconf 87' lang='lat' dir='ltr'><strong>eadem</strong></span> <span class='ocrx_word' id='word_1_97' title='bbox 1351 1685 1397 1732; x_wconf 82' lang='lat' dir='ltr'><strong>res</strong></span> 
     </span>
     <span class='ocr_line' id='line_1_14' title="bbox 339 1767 1278 1840; baseline 0.004 -4"><span class='ocrx_word' id='word_1_98' title='bbox 339 1771 438 1839; x_wconf 89' lang='lat' dir='ltr'><strong>nimis</strong></span> <span class='ocrx_word' id='word_1_99' title='bbox 456 1768 581 1838; x_wconf 86' lang='lat' dir='ltr'><strong>floridis</strong></span> <span class='ocrx_word' id='word_1_100' title='bbox 598 1767 767 1840; x_wconf 89' lang='lat' dir='ltr'><strong>coloribus</strong></span> <span class='ocrx_word' id='word_1_101' title='bbox 783 1771 1008 1840; x_wconf 88' lang='lat' dir='ltr'><strong>austeritatem</strong></span> <span class='ocrx_word' id='word_1_102' title='bbox 1026 1770 1156 1840; x_wconf 87' lang='lat' dir='ltr'><strong>occulte</strong></span> <span class='ocrx_word' id='word_1_103' title='bbox 1175 1769 1278 1840; x_wconf 82' lang='lat' dir='ltr'><strong>daret.</strong></span> 
     </span>
     <span class='ocr_line' id='line_1_15' title="bbox 290 1860 1397 1971; baseline -0.001 -24"><span class='ocrx_word' id='word_1_104' title='bbox 290 1893 323 1947; x_wconf 73' lang='lat'><strong>35</strong></span> <span class='ocrx_word' id='word_1_105' title='bbox 396 1860 569 1971; x_wconf 53' lang='grc' dir='ltr'><strong>ΔίιῃιειΙίεἶ9</strong></span> <span class='ocrx_word' id='word_1_106' title='bbox 583 1875 654 1968; x_wconf 86' lang='lat' dir='ltr'><strong>ejus</strong></span> <span class='ocrx_word' id='word_1_107' title='bbox 673 1875 738 1945; x_wconf 83' lang='lat' dir='ltr'><strong>fuit</strong></span> <span class='ocrx_word' id='word_1_108' title='bbox 759 1874 916 1946; x_wconf 73' lang='lat' dir='ltr'><strong>Aristides</strong></span> <span class='ocrx_word' id='word_1_109' title='bbox 928 1877 1117 1947; x_wconf 87' lang='lat' dir='ltr'><strong>Thebanus.</strong></span> <span class='ocrx_word' id='word_1_110' title='bbox 1140 1881 1173 1946; x_wconf 92' lang='lat' dir='ltr'><strong>ls</strong></span> <span class='ocrx_word' id='word_1_111' title='bbox 1186 1877 1332 1946; x_wconf 87' lang='lat' dir='ltr'><strong>omnium</strong></span> <span class='ocrx_word' id='word_1_112' title='bbox 1347 1876 1397 1970; x_wconf 79' lang='lat' dir='ltr'><strong>pri</strong></span> 
     </span>
     <span class='ocr_line' id='line_1_16' title="bbox 241 1968 1398 2080; baseline 0.001 -29"><span class='ocrx_word' id='word_1_113' title='bbox 241 1995 248 2014; x_wconf 78' lang='lat'>⁸</span> <span class='ocrx_word' id='word_1_114' title='bbox 343 2007 419 2052; x_wconf 87' lang='lat' dir='ltr'><strong>mus</strong></span> <span class='ocrx_word' id='word_1_115' title='bbox 440 1983 587 2051; x_wconf 86' lang='lat' dir='ltr'><strong>animum</strong></span> <span class='ocrx_word' id='word_1_116' title='bbox 613 1968 764 2078; x_wconf 82' lang='lat' dir='ltr'><strong>pinxit⁶⁰‚</strong></span> <span class='ocrx_word' id='word_1_117' title='bbox 784 1997 818 2053; x_wconf 94' lang='lat' dir='ltr'><strong>et</strong></span> <span class='ocrx_word' id='word_1_118' title='bbox 838 2007 953 2052; x_wconf 85' lang='lat' dir='ltr'><strong>sensus</strong></span> <span class='ocrx_word' id='word_1_119' title='bbox 970 1983 1116 2053; x_wconf 86' lang='lat' dir='ltr'><strong>hominis</strong></span> <span class='ocrx_word' id='word_1_120' title='bbox 1136 1985 1312 2080; x_wconf 80' lang='lat' dir='ltr'><strong>expressit,</strong></span> <span class='ocrx_word' id='word_1_121' title='bbox 1337 2006 1398 2076; x_wconf 79' lang='lat' dir='ltr'><strong>que</strong></span> 
     </span>
     <span class='ocr_line' id='line_1_17' title="bbox 343 2073 1400 2184; baseline 0.001 -28"><span class='ocrx_word' id='word_1_122' title='bbox 343 2101 466 2158; x_wconf 88' lang='lat' dir='ltr'><strong>vocant</strong></span> <span class='ocrx_word' id='word_1_123' title='bbox 485 2089 594 2158; x_wconf 79' lang='lat' dir='ltr'><strong>Graeci</strong></span> <span class='ocrx_word' id='word_1_124' title='bbox 616 2073 749 2158; x_wconf 79' lang='lat' dir='ltr'><strong>ethe⁶¹t</strong></span> <span class='ocrx_word' id='word_1_125' title='bbox 771 2090 849 2160; x_wconf 89' lang='lat' dir='ltr'><strong>item</strong></span> <span class='ocrx_word' id='word_1_126' title='bbox 869 2088 1159 2184; x_wconf 88' lang='lat' dir='ltr'><strong>perturbationes:</strong></span> <span class='ocrx_word' id='word_1_127' title='bbox 1182 2089 1296 2160; x_wconf 89' lang='lat' dir='ltr'><strong>durior</strong></span> <span class='ocrx_word' id='word_1_128' title='bbox 1316 2085 1400 2184; x_wconf 82' lang='lat' dir='ltr'><strong>paulo</strong></span> 
     </span>
    </p>
   </div>
   <div class='ocr_carea' id='block_1_3' title="bbox 232 2255 1405 4087">
    <p class='ocr_par' dir='ltr' id='par_1_3' title="bbox 232 2255 1405 4087">
     <span class='ocr_line' id='line_1_18' title="bbox 385 2255 1402 2332; baseline 0.007 -25"><span class='ocrx_word' id='word_1_129' title='bbox 385 2258 431 2313; x_wconf 78' lang='lat'><strong>53.</strong></span> <span class='ocrx_word' id='word_1_130' title='bbox 451 2258 559 2309; x_wconf 78' lang='lat' dir='ltr'><strong>Dianam</strong></span> <span class='ocrx_word' id='word_1_131' title='bbox 578 2255 764 2327; x_wconf 58' lang='lat' dir='ltr'><strong>sacrificantium</strong></span> <span class='ocrx_word' id='word_1_132' title='bbox 779 2259 859 2328; x_wconf 68' lang='lat' dir='ltr'><strong>or&#39;rgr‘·</strong></span> <span class='ocrx_word' id='word_1_133' title='bbox 903 2271 981 2324; x_wconf 79' lang='lat' dir='ltr'><strong>runt,</strong></span> <span class='ocrx_word' id='word_1_134' title='bbox 996 2258 1069 2332; x_wconf 85' lang='lat' dir='ltr'><strong>apud</strong></span> <span class='ocrx_word' id='word_1_135' title='bbox 1080 2259 1256 2324; x_wconf 79' lang='lat' dir='ltr'><strong>Athenaeum,</strong></span> <span class='ocrx_word' id='word_1_136' title='bbox 1270 2259 1317 2314; x_wconf 85' lang='lat' dir='ltr'><strong>lib.</strong></span> <span class='ocrx_word' id='word_1_137' title='bbox 1330 2257 1402 2322; x_wconf 81' lang='lat'>1111,</span> 
     </span>
     <span class='ocr_line' id='line_1_19' title="bbox 343 2336 1115 2410; baseline 0 -17"><span class='ocrx_word' id='word_1_138' title='bbox 343 2359 410 2393; x_wconf 84' lang='lat' dir='ltr'><strong>nuru.</strong></span> <span class='ocrx_word' id='word_1_139' title='bbox 421 2337 549 2410; x_wconf 71' lang='lat' dir='ltr'><strong>Virgines</strong></span> <span class='ocrx_word' id='word_1_140' title='bbox 561 2336 614 2390; x_wconf 78' lang='lat' dir='ltr'><strong>illu</strong></span> <span class='ocrx_word' id='word_1_141' title='bbox 625 2338 659 2389; x_wconf 89' lang='lat' dir='ltr'><strong>ab</strong></span> <span class='ocrx_word' id='word_1_142' title='bbox 672 2337 791 2391; x_wconf 83' lang='lat' dir='ltr'><strong>Homero</strong></span> <span class='ocrx_word' id='word_1_143' title='bbox 804 2357 859 2391; x_wconf 90' lang='lat' dir='ltr'><strong>non</strong></span> <span class='ocrx_word' id='word_1_144' title='bbox 904 2357 932 2410; x_wconf 91' lang='lat' dir='ltr'><strong>p.</strong></span> <span class='ocrx_word' id='word_1_145' title='bbox 947 2338 1012 2410; x_wconf 80' lang='lat'><strong>567.</strong></span> <span class='ocrx_word' id='word_1_146' title='bbox 1024 2339 1115 2394; x_wconf 78' lang='lat' dir='ltr'><strong>liano.</strong></span> 
     </span>
     <span class='ocr_line' id='line_1_20' title="bbox 344 2415 1402 2490; baseline -0.001 -17"><span class='ocrx_word' id='word_1_147' title='bbox 344 2419 472 2473; x_wconf 87' lang='lat' dir='ltr'><strong>dicuntur</strong></span> <span class='ocrx_word' id='word_1_148' title='bbox 486 2417 676 2482; x_wconf 76' lang='lat' dir='ltr'><strong>sacrificantes,</strong></span> <span class='ocrx_word' id='word_1_149' title='bbox 696 2415 743 2470; x_wconf 86' lang='lat' dir='ltr'><strong>aed</strong></span> <span class='ocrx_word' id='word_1_150' title='bbox 763 2416 861 2472; x_wconf 88' lang='lat' dir='ltr'><strong>luden·</strong></span> <span class='ocrx_word' id='word_1_151' title='bbox 945 2420 990 2471; x_wconf 81' lang='lat'><strong>60.</strong></span> <span class='ocrx_word' id='word_1_152' title='bbox 1016 2419 1042 2472; x_wconf 84' lang='lat' dir='ltr'><strong>Ia</strong></span> <span class='ocrx_word' id='word_1_153' title='bbox 1066 2425 1171 2472; x_wconf 78' lang='lat' dir='ltr'><strong>omnium</strong></span> <span class='ocrx_word' id='word_1_154' title='bbox 1196 2423 1288 2490; x_wconf 74' lang='lat' dir='ltr'><strong>prinus</strong></span> <span class='ocrx_word' id='word_1_155' title='bbox 1313 2422 1402 2472; x_wconf 62' lang='lat' dir='ltr'><strong>amm</strong></span> 
     </span>
     <span class='ocr_line' id='line_1_21' title="bbox 343 2495 1403 2571; baseline 0.001 -17"><span class='ocrx_word' id='word_1_156' title='bbox 343 2514 398 2563; x_wconf 80' lang='lat' dir='ltr'><strong>tes,</strong></span> <span class='ocrx_word' id='word_1_157' title='bbox 422 2500 570 2563; x_wconf 71' lang='grc' dir='ltr'><strong>παίζουσαις</strong></span> <span class='ocrx_word' id='word_1_158' title='bbox 592 2495 639 2551; x_wconf 80' lang='lat' dir='ltr'><strong>sed</strong></span> <span class='ocrx_word' id='word_1_159' title='bbox 659 2497 812 2551; x_wconf 79' lang='lat' dir='ltr'><strong>venationes</strong></span> <span class='ocrx_word' id='word_1_160' title='bbox 830 2517 861 2553; x_wconf 83' lang='lat' dir='ltr'><strong>aa</strong></span> <span class='ocrx_word' id='word_1_161' title='bbox 900 2502 992 2569; x_wconf 70' lang='lat' dir='ltr'><strong>pineta.</strong></span> <span class='ocrx_word' id='word_1_162' title='bbox 1005 2497 1073 2553; x_wconf 71' lang='lat' dir='ltr'><strong>Arte</strong></span> <span class='ocrx_word' id='word_1_163' title='bbox 1087 2512 1114 2553; x_wconf 84' lang='lat' dir='ltr'><strong>et</strong></span> <span class='ocrx_word' id='word_1_164' title='bbox 1127 2497 1277 2555; x_wconf 80' lang='lat' dir='ltr'><strong>industria:</strong></span> <span class='ocrx_word' id='word_1_165' title='bbox 1293 2497 1403 2571; x_wconf 84' lang='lat' dir='ltr'><strong>aliiprio·</strong></span> 
     </span>
     <span class='ocr_line' id='line_1_22' title="bbox 232 2576 1382 2648; baseline -0.002 -15"><span class='ocrx_word' id='word_1_166' title='bbox 232 2596 237 2607; x_wconf 91' lang='lat'><strong>·</strong></span> <span class='ocrx_word' id='word_1_167' title='bbox 344 2579 437 2645; x_wconf 77' lang='lat' dir='ltr'><strong>ludos,</strong></span> <span class='ocrx_word' id='word_1_168' title='bbox 457 2576 588 2632; x_wconf 77' lang='lat' dir='ltr'><strong>sacrificia</strong></span> <span class='ocrx_word' id='word_1_169' title='bbox 607 2577 700 2630; x_wconf 82' lang='lat' dir='ltr'><strong>Dianae</strong></span> <span class='ocrx_word' id='word_1_170' title='bbox 715 2591 789 2648; x_wconf 75' lang='lat' dir='ltr'><strong>grata</strong></span> <span class='ocrx_word' id='word_1_171' title='bbox 805 2595 860 2633; x_wconf 79' lang='lat' dir='ltr'><strong>eane</strong></span> <span class='ocrx_word' id='word_1_172' title='bbox 903 2598 945 2632; x_wconf 77' lang='lat' dir='ltr'><strong>aea</strong></span> <span class='ocrx_word' id='word_1_173' title='bbox 960 2597 1021 2633; x_wconf 85' lang='lat' dir='ltr'><strong>casn</strong></span> <span class='ocrx_word' id='word_1_174' title='bbox 1036 2591 1140 2633; x_wconf 83' lang='lat' dir='ltr'><strong>tantum</strong></span> <span class='ocrx_word' id='word_1_175' title='bbox 1151 2594 1178 2633; x_wconf 85' lang='lat' dir='ltr'><strong>et</strong></span> <span class='ocrx_word' id='word_1_176' title='bbox 1193 2580 1289 2635; x_wconf 79' lang='lat' dir='ltr'><strong>rarius.</strong></span> <span class='ocrx_word' id='word_1_177' title='bbox 1302 2580 1382 2633; x_wconf 71' lang='lat' dir='ltr'><strong>nanu.</strong></span> 
     </span>
     <span class='ocr_line' id='line_1_23' title="bbox 342 2646 1402 2731; baseline 0 -18"><span class='ocrx_word' id='word_1_178' title='bbox 342 2662 413 2713; x_wconf 89' lang='lat' dir='ltr'><strong>bene</strong></span> <span class='ocrx_word' id='word_1_179' title='bbox 424 2670 530 2711; x_wconf 86' lang='lat' dir='ltr'><strong>notam.</strong></span> <span class='ocrx_word' id='word_1_180' title='bbox 541 2656 592 2709; x_wconf 82' lang='lat' dir='ltr'><strong>En.</strong></span> <span class='ocrx_word' id='word_1_181' title='bbox 946 2662 994 2712; x_wconf 80' lang='lat'><strong>6¹.</strong></span> <span class='ocrx_word' id='word_1_182' title='bbox 1008 2660 1071 2731; x_wconf 77' lang='lat' dir='ltr'><strong>Qua</strong></span> <span class='ocrx_word' id='word_1_183' title='bbox 1086 2658 1171 2714; x_wconf 71' lang='lat' dir='ltr'><strong>Greci</strong></span> <span class='ocrx_word' id='word_1_184' title='bbox 1184 2675 1271 2713; x_wconf 75' lang='lat' dir='ltr'><strong>uacant</strong></span> <span class='ocrx_word' id='word_1_185' title='bbox 1283 2661 1341 2713; x_wconf 68' lang='lat' dir='ltr'><strong>eth.</strong></span> <span class='ocrx_word' id='word_1_186' title='bbox 1352 2646 1402 2723; x_wconf 77' lang='lat' dir='ltr'><strong>llle,</strong></span> 
     </span>
     <span class='ocr_line' id='line_1_24' title="bbox 386 2734 1403 2811; baseline 0.001 -21"><span class='ocrx_word' id='word_1_187' title='bbox 386 2738 432 2803; x_wconf 65' lang='lat'><strong>54.</strong></span> <span class='ocrx_word' id='word_1_188' title='bbox 448 2739 558 2790; x_wconf 74' lang='lat' dir='ltr'><strong>Homeri.</strong></span> <span class='ocrx_word' id='word_1_189' title='bbox 573 2734 671 2805; x_wconf 73' lang='lat' dir='ltr'><strong>Odyaa.</strong></span> <span class='ocrx_word' id='word_1_190' title='bbox 687 2742 723 2797; x_wconf 82' lang='grc' dir='ltr'><strong>Ζ,</strong></span> <span class='ocrx_word' id='word_1_191' title='bbox 737 2754 764 2789; x_wconf 81' lang='lat' dir='ltr'><strong>r.</strong></span> <span class='ocrx_word' id='word_1_192' title='bbox 781 2756 832 2791; x_wconf 85' lang='lat' dir='ltr'><strong>roa</strong></span> <span class='ocrx_word' id='word_1_193' title='bbox 850 2754 857 2791; x_wconf 89' lang='lat'>:</span> <span class='ocrx_word' id='word_1_194' title='bbox 906 2756 1003 2793; x_wconf 87' lang='lat' dir='ltr'><strong>morea.</strong></span> <span class='ocrx_word' id='word_1_195' title='bbox 1023 2740 1131 2811; x_wconf 84' lang='lat' dir='ltr'><strong>Spectat</strong></span> <span class='ocrx_word' id='word_1_196' title='bbox 1154 2740 1209 2793; x_wconf 87' lang='lat' dir='ltr'><strong>huc</strong></span> <span class='ocrx_word' id='word_1_197' title='bbox 1227 2738 1403 2795; x_wconf 72' lang='lat' dir='ltr'><strong>aculemin</strong></span> 
     </span>
     <span class='ocr_line' id='line_1_25' title="bbox 343 2809 1404 2892; baseline 0.004 -22"><span class='ocrx_word' id='word_1_198' title='bbox 343 2820 391 2875; x_wconf 73' lang='lat' dir='ltr'><strong>ola</strong></span> <span class='ocrx_word' id='word_1_199' title='bbox 412 2815 440 2870; x_wconf 73' lang='lat' dir='ltr'><strong>d*</strong></span> <span class='ocrx_word' id='word_1_200' title='bbox 458 2809 565 2889; x_wconf 73' lang='grc' dir='ltr'><strong>Ᾰρτιμις</strong></span> <span class='ocrx_word' id='word_1_201' title='bbox 580 2810 644 2880; x_wconf 78' lang='lat' dir='ltr'><strong>alat,</strong></span> <span class='ocrx_word' id='word_1_202' title='bbox 665 2829 717 2871; x_wconf 86' lang='lat' dir='ltr'><strong>etc.</strong></span> <span class='ocrx_word' id='word_1_203' title='bbox 728 2816 861 2889; x_wconf 73' lang='lat' dir='ltr'><strong>Virgilius</strong></span> <span class='ocrx_word' id='word_1_204' title='bbox 903 2818 1404 2892; x_wconf 70' lang='lat' dir='ltr'><strong>primiePieonieepigramma‚dntb.ll,</strong></span> 
     </span>
     <span class='ocr_line' id='line_1_26' title="bbox 343 2894 1404 2973; baseline 0 -20"><span class='ocrx_word' id='word_1_205' title='bbox 343 2900 408 2953; x_wconf 90' lang='lat' dir='ltr'><strong>item</strong></span> <span class='ocrx_word' id='word_1_206' title='bbox 422 2900 482 2951; x_wconf 80' lang='lat' dir='ltr'><strong>AEn.</strong></span> <span class='ocrx_word' id='word_1_207' title='bbox 499 2898 522 2949; x_wconf 92' lang='lat'><strong>1.</strong></span> <span class='ocrx_word' id='word_1_208' title='bbox 535 2894 625 2949; x_wconf 78' lang='lat' dir='ltr'><strong>nmo.</strong></span> <span class='ocrx_word' id='word_1_209' title='bbox 904 2916 927 2951; x_wconf 86' lang='lat' dir='ltr'><strong>c.</strong></span> <span class='ocrx_word' id='word_1_210' title='bbox 951 2898 998 2961; x_wconf 69' lang='lat'><strong>43,</strong></span> <span class='ocrx_word' id='word_1_211' title='bbox 1013 2898 1041 2951; x_wconf 88' lang='lat' dir='ltr'><strong>in</strong></span> <span class='ocrx_word' id='word_1_212' title='bbox 1059 2898 1196 2953; x_wconf 87' lang='lat' dir='ltr'><strong>bominem</strong></span> <span class='ocrx_word' id='word_1_213' title='bbox 1208 2901 1315 2973; x_wconf 71' lang='lat' dir='ltr'><strong>egregie</strong></span> <span class='ocrx_word' id='word_1_214' title='bbox 1330 2898 1404 2953; x_wconf 63' lang='lat' dir='ltr'><strong>datm</strong></span> 
     </span>
     <span class='ocr_line' id='line_1_27' title="bbox 386 2974 1403 3052; baseline 0.003 -24"><span class='ocrx_word' id='word_1_215' title='bbox 386 2977 433 3032; x_wconf 78' lang='lat'><strong>55.</strong></span> <span class='ocrx_word' id='word_1_216' title='bbox 459 2976 632 3047; x_wconf 70' lang='lat' dir='ltr'><strong>Fulgore-aque.</strong></span> <span class='ocrx_word' id='word_1_217' title='bbox 651 2974 737 3028; x_wconf 86' lang='lat' dir='ltr'><strong>Gnon.</strong></span> <span class='ocrx_word' id='word_1_218' title='bbox 762 2990 788 3029; x_wconf 83' lang='lat' dir='ltr'><strong>et</strong></span> <span class='ocrx_word' id='word_1_219' title='bbox 819 2976 859 3029; x_wconf 78' lang='lat' dir='ltr'><strong>At.</strong></span> <span class='ocrx_word' id='word_1_220' title='bbox 905 2995 999 3031; x_wconf 86' lang='lat' dir='ltr'><strong>mem:</strong></span> <span class='ocrx_word' id='word_1_221' title='bbox 1022 2980 1107 3048; x_wconf 75' lang='grc' dir='ltr'><strong>Ψυχὴν</strong></span> <span class='ocrx_word' id='word_1_222' title='bbox 1124 2980 1169 3050; x_wconf 73' lang='grc' dir='ltr'><strong>μὶν</strong></span> <span class='ocrx_word' id='word_1_223' title='bbox 1183 2980 1277 3052; x_wconf 70' lang='grc' dir='ltr'>γράψαι</span> <span class='ocrx_word' id='word_1_224' title='bbox 1298 2980 1403 3051; x_wconf 60' lang='lat' dir='ltr'><strong>zabaris.</strong></span> 
     </span>
     <span class='ocr_line' id='line_1_28' title="bbox 344 3050 1404 3130; baseline -0.001 -19"><span class='ocrx_word' id='word_1_225' title='bbox 344 3070 406 3111; x_wconf 84' lang='lat' dir='ltr'><strong>ante</strong></span> <span class='ocrx_word' id='word_1_226' title='bbox 420 3054 505 3110; x_wconf 84' lang='lat' dir='ltr'><strong>Hard.</strong></span> <span class='ocrx_word' id='word_1_227' title='bbox 513 3056 672 3126; x_wconf 76' lang='lat' dir='ltr'><strong>fulguraque.</strong></span> <span class='ocrx_word' id='word_1_228' title='bbox 687 3054 740 3107; x_wconf 83' lang='lat' dir='ltr'><strong>En.</strong></span> <span class='ocrx_word' id='word_1_229' title='bbox 905 3058 996 3129; x_wconf 64' lang='lat' dir='ltr'><strong>pcepta</strong></span> <span class='ocrx_word' id='word_1_230' title='bbox 1016 3053 1047 3111; x_wconf 71' lang='lat' dir='ltr'><strong>dl</strong></span> <span class='ocrx_word' id='word_1_231' title='bbox 1064 3059 1170 3129; x_wconf 73' lang='grc' dir='ltr'><strong>χαράξαι</strong></span> <span class='ocrx_word' id='word_1_232' title='bbox 1188 3050 1295 3130; x_wconf 66' lang='lat' dir='ltr'><strong>l’p&#39;a&#39;rar·</strong></span> <span class='ocrx_word' id='word_1_233' title='bbox 1311 3062 1359 3113; x_wconf 66' lang='lat' dir='ltr'><strong>ba*</strong></span> <span class='ocrx_word' id='word_1_234' title='bbox 1372 3056 1404 3111; x_wconf 70' lang='lat' dir='ltr'><strong>tet</strong></span> 
     </span>
     <span class='ocr_line' id='line_1_29' title="bbox 387 3134 1404 3211; baseline 0.004 -21"><span class='ocrx_word' id='word_1_235' title='bbox 387 3138 432 3191; x_wconf 81' lang='grc'><strong>56.</strong></span> <span class='ocrx_word' id='word_1_236' title='bbox 448 3136 570 3201; x_wconf 81' lang='lat' dir='ltr'><strong>Bronten,</strong></span> <span class='ocrx_word' id='word_1_237' title='bbox 581 3137 707 3205; x_wconf 80' lang='lat' dir='ltr'><strong>Astrapen</strong></span> <span class='ocrx_word' id='word_1_238' title='bbox 715 3173 724 3199; x_wconf 85' lang='lat'><em>,</em></span> <span class='ocrx_word' id='word_1_239' title='bbox 739 3134 863 3188; x_wconf 73' lang='lat' dir='ltr'><strong>cemann-</strong></span> <span class='ocrx_word' id='word_1_240' title='bbox 906 3157 943 3189; x_wconf 73' lang='grc' dir='ltr'><strong>σοι</strong></span> <span class='ocrx_word' id='word_1_241' title='bbox 960 3138 1095 3209; x_wconf 70' lang='grc' dir='ltr'><strong>τοῦμπαλιν</strong></span> <span class='ocrx_word' id='word_1_242' title='bbox 1109 3139 1245 3210; x_wconf 67' lang='lat' dir='ltr'><strong>dppdtapa.</strong></span> <span class='ocrx_word' id='word_1_243' title='bbox 1259 3144 1312 3201; x_wconf 72' lang='grc' dir='ltr'><strong>Τῆς</strong></span> <span class='ocrx_word' id='word_1_244' title='bbox 1321 3136 1404 3211; x_wconf 69' lang='grc' dir='ltr'><strong>μὶνῐᾶρ</strong></span> 
     </span>
     <span class='ocr_line' id='line_1_30' title="bbox 345 3206 1403 3291; baseline 0 -21"><span class='ocrx_word' id='word_1_245' title='bbox 345 3218 416 3270; x_wconf 81' lang='lat' dir='ltr'><strong>balan</strong></span> <span class='ocrx_word' id='word_1_246' title='bbox 429 3216 562 3287; x_wconf 79' lang='lat' dir='ltr'><strong>appellant.</strong></span> <span class='ocrx_word' id='word_1_247' title='bbox 574 3214 638 3267; x_wconf 70' lang='lat' dir='ltr'><strong>llaec</strong></span> <span class='ocrx_word' id='word_1_248' title='bbox 650 3215 729 3268; x_wconf 81' lang='lat' dir='ltr'><strong>verba</strong></span> <span class='ocrx_word' id='word_1_249' title='bbox 744 3214 862 3270; x_wconf 78' lang='lat' dir='ltr'><strong>Graeculi</strong></span> <span class='ocrx_word' id='word_1_250' title='bbox 905 3216 981 3287; x_wconf 77' lang='grc' dir='ltr'>ψυχῆς</span> <span class='ocrx_word' id='word_1_251' title='bbox 1002 3220 1030 3271; x_wconf 75' lang='grc' dir='ltr'><strong>τὸ</strong></span> <span class='ocrx_word' id='word_1_252' title='bbox 1049 3212 1180 3291; x_wconf 71' lang='grc' dir='ltr'>διάςροφον</span> <span class='ocrx_word' id='word_1_253' title='bbox 1202 3220 1247 3284; x_wconf 61' lang='lat' dir='ltr'><strong>Ka</strong></span> <span class='ocrx_word' id='word_1_254' title='bbox 1270 3220 1363 3291; x_wconf 70' lang='grc' dir='ltr'><strong>ᾶγωσα</strong></span> <span class='ocrx_word' id='word_1_255' title='bbox 1379 3206 1403 3271; x_wconf 74' lang='lat' dir='ltr'><strong>ln</strong></span> 
     </span>
     <span class='ocr_line' id='line_1_31' title="bbox 345 3294 1403 3372; baseline 0.001 -23"><span class='ocrx_word' id='word_1_256' title='bbox 345 3298 457 3367; x_wconf 82' lang='lat' dir='ltr'><strong>alicujus</strong></span> <span class='ocrx_word' id='word_1_257' title='bbox 475 3296 563 3367; x_wconf 79' lang='lat' dir='ltr'><strong>potius</strong></span> <span class='ocrx_word' id='word_1_258' title='bbox 581 3313 662 3366; x_wconf 87' lang='lat' dir='ltr'><strong>quam</strong></span> <span class='ocrx_word' id='word_1_259' title='bbox 684 3294 764 3348; x_wconf 88' lang='lat' dir='ltr'><strong>Plinii</strong></span> <span class='ocrx_word' id='word_1_260' title='bbox 784 3308 861 3367; x_wconf 89' lang='lat' dir='ltr'><strong>puto.</strong></span> <span class='ocrx_word' id='word_1_261' title='bbox 905 3300 957 3359; x_wconf 73' lang='grc' dir='ltr'><strong>τοῖς</strong></span> <span class='ocrx_word' id='word_1_262' title='bbox 976 3300 1128 3369; x_wconf 65' lang='grc' dir='ltr'><strong>φαινομένοις</strong></span> <span class='ocrx_word' id='word_1_263' title='bbox 1147 3300 1163 3356; x_wconf 74' lang='grc' dir='ltr'><strong>ἡ</strong></span> <span class='ocrx_word' id='word_1_264' title='bbox 1186 3300 1256 3371; x_wconf 70' lang='lat' dir='ltr'><strong>priene</strong></span> <span class='ocrx_word' id='word_1_265' title='bbox 1277 3301 1403 3372; x_wconf 66' lang='lat' dir='ltr'><strong>elppdaara.</strong></span> 
     </span>
     <span class='ocr_line' id='line_1_32' title="bbox 345 3366 1404 3451; baseline 0.008 -24"><span class='ocrx_word' id='word_1_266' title='bbox 345 3375 595 3430; x_wconf 64' lang='lat' dir='ltr'><strong>urm-umam.</strong></span> <span class='ocrx_word' id='word_1_267' title='bbox 607 3366 862 3445; x_wconf 55' lang='lat' dir='ltr'><strong>upavdnlepannr,</strong></span> <span class='ocrx_word' id='word_1_268' title='bbox 905 3378 952 3430; x_wconf 77' lang='grc' dir='ltr'><strong>Τὸν</strong></span> <span class='ocrx_word' id='word_1_269' title='bbox 965 3372 992 3430; x_wconf 72' lang='grc' dir='ltr'><strong>δ’</strong></span> <span class='ocrx_word' id='word_1_270' title='bbox 1009 3378 1050 3431; x_wconf 76' lang='lat' dir='ltr'><strong>lari</strong></span> <span class='ocrx_word' id='word_1_271' title='bbox 1065 3384 1109 3439; x_wconf 76' lang='grc' dir='ltr'><strong>τῆς</strong></span> <span class='ocrx_word' id='word_1_272' title='bbox 1130 3386 1222 3450; x_wconf 70' lang='grc' dir='ltr'><strong>μορφῆς</strong></span> <span class='ocrx_word' id='word_1_273' title='bbox 1242 3379 1355 3451; x_wconf 68' lang='lat' dir='ltr'><strong>ta&#39;pussaa.</strong></span> <span class='ocrx_word' id='word_1_274' title='bbox 1372 3376 1404 3429; x_wconf 67' lang='lat' dir='ltr'><strong>ul</strong></span> 
     </span>
     <span class='ocr_line' id='line_1_33' title="bbox 346 3454 1404 3533; baseline 0.003 -23"><span class='ocrx_word' id='word_1_275' title='bbox 346 3454 552 3528; x_wconf 66' lang='lat' dir='ltr'><strong>Kapaurabntiar.</strong></span> <span class='ocrx_word' id='word_1_276' title='bbox 567 3454 611 3507; x_wconf 85' lang='lat' dir='ltr'><strong>Sic</strong></span> <span class='ocrx_word' id='word_1_277' title='bbox 626 3455 691 3525; x_wconf 78' lang='lat' dir='ltr'><strong>Reg.</strong></span> <span class='ocrx_word' id='word_1_278' title='bbox 710 3474 736 3508; x_wconf 85' lang='lat' dir='ltr'><strong>a.</strong></span> <span class='ocrx_word' id='word_1_279' title='bbox 749 3454 841 3509; x_wconf 84' lang='lat' dir='ltr'><strong>llann.</strong></span> <span class='ocrx_word' id='word_1_280' title='bbox 906 3456 1023 3527; x_wconf 76' lang='grc' dir='ltr'><strong>σώματος</strong></span> <span class='ocrx_word' id='word_1_281' title='bbox 1045 3454 1128 3528; x_wconf 59' lang='lat' dir='ltr'><strong>taen,</strong></span> <span class='ocrx_word' id='word_1_282' title='bbox 1143 3460 1201 3520; x_wconf 76' lang='grc' dir='ltr'><strong>Πῶς</strong></span> <span class='ocrx_word' id='word_1_283' title='bbox 1223 3460 1252 3513; x_wconf 72' lang='grc' dir='ltr'><strong>ἄν</strong></span> <span class='ocrx_word' id='word_1_284' title='bbox 1265 3480 1306 3521; x_wconf 77' lang='grc' dir='ltr'><strong>τις</strong></span> <span class='ocrx_word' id='word_1_285' title='bbox 1325 3462 1404 3533; x_wconf 62' lang='lat' dir='ltr'><strong>pipp,</strong></span> 
     </span>
     <span class='ocr_line' id='line_1_34' title="bbox 389 3532 1405 3609; baseline 0.009 -23"><span class='ocrx_word' id='word_1_286' title='bbox 389 3538 435 3607; x_wconf 81' lang='lat'><strong>57.</strong></span> <span class='ocrx_word' id='word_1_287' title='bbox 450 3536 595 3589; x_wconf 79' lang='lat' dir='ltr'><strong>Atramento</strong></span> <span class='ocrx_word' id='word_1_288' title='bbox 606 3532 724 3587; x_wconf 68' lang='lat' dir='ltr'><strong>illucebat.</strong></span> <span class='ocrx_word' id='word_1_289' title='bbox 737 3534 809 3587; x_wconf 82' lang='lat' dir='ltr'><strong>Galli</strong></span> <span class='ocrx_word' id='word_1_290' title='bbox 823 3532 864 3589; x_wconf 90' lang='lat' dir='ltr'><strong>di·</strong></span> <span class='ocrx_word' id='word_1_291' title='bbox 906 3532 1067 3609; x_wconf 73' lang='lat' dir='ltr'><strong>pud&#39;lardaiv</strong></span> <span class='ocrx_word' id='word_1_292' title='bbox 1079 3540 1181 3605; x_wconf 59' lang='lat' dir='ltr'><strong>tettan</strong></span> <span class='ocrx_word' id='word_1_293' title='bbox 1195 3538 1307 3594; x_wconf 78' lang='lat' dir='ltr'><strong>-Ardua</strong></span> <span class='ocrx_word' id='word_1_294' title='bbox 1318 3536 1405 3594; x_wconf 64' lang='lat' dir='ltr'><strong>rem?</strong></span> 
     </span>
     <span class='ocr_line' id='line_1_35' title="bbox 346 3610 1400 3691; baseline 0.005 -22"><span class='ocrx_word' id='word_1_295' title='bbox 346 3629 429 3683; x_wconf 83' lang='lat' dir='ltr'><strong>cant,</strong></span> <span class='ocrx_word' id='word_1_296' title='bbox 439 3617 532 3679; x_wconf 78' lang='lat' dir='ltr'><strong>aemir,</strong></span> <span class='ocrx_word' id='word_1_297' title='bbox 546 3610 673 3685; x_wconf 77' lang='lat' dir='ltr'><strong>appb&#39;quer</strong></span> <span class='ocrx_word' id='word_1_298' title='bbox 686 3614 708 3665; x_wconf 82' lang='lat' dir='ltr'><strong>le</strong></span> <span class='ocrx_word' id='word_1_299' title='bbox 721 3618 811 3669; x_wconf 76' lang='lat' dir='ltr'><strong>uernis.</strong></span> <span class='ocrx_word' id='word_1_300' title='bbox 827 3614 862 3671; x_wconf 87' lang='grc' dir='ltr'><strong>Η.</strong></span> <span class='ocrx_word' id='word_1_301' title='bbox 908 3636 999 3683; x_wconf 82' lang='lat' dir='ltr'><strong>mum,</strong></span> <span class='ocrx_word' id='word_1_302' title='bbox 1016 3616 1100 3671; x_wconf 79' lang='lat' dir='ltr'><strong>facilia</strong></span> <span class='ocrx_word' id='word_1_303' title='bbox 1119 3616 1265 3691; x_wconf 74' lang='lat' dir='ltr'><strong>depingere</strong></span> <span class='ocrx_word' id='word_1_304' title='bbox 1284 3620 1400 3673; x_wconf 74' lang='lat' dir='ltr'><strong>forma:</strong></span> 
     </span>
     <span class='ocr_line' id='line_1_36' title="bbox 390 3692 1404 3753; baseline 0.002 -4"><span class='ocrx_word' id='word_1_305' title='bbox 390 3696 436 3749; x_wconf 76' lang='lat'><strong>58.</strong></span> <span class='ocrx_word' id='word_1_306' title='bbox 463 3696 524 3749; x_wconf 82' lang='lat' dir='ltr'><strong>Cum</strong></span> <span class='ocrx_word' id='word_1_307' title='bbox 544 3697 645 3746; x_wconf 74' lang='lat' dir='ltr'><strong>melone.</strong></span> <span class='ocrx_word' id='word_1_308' title='bbox 668 3692 771 3747; x_wconf 80' lang='lat' dir='ltr'><strong>Sed’et</strong></span> <span class='ocrx_word' id='word_1_309' title='bbox 790 3693 862 3749; x_wconf 84' lang='lat' dir='ltr'><strong>istud</strong></span> <span class='ocrx_word' id='word_1_310' title='bbox 907 3697 984 3751; x_wconf 89' lang='lat' dir='ltr'><strong>Inte</strong></span> <span class='ocrx_word' id='word_1_311' title='bbox 1005 3694 1053 3750; x_wconf 82' lang='lat' dir='ltr'><strong>sed</strong></span> <span class='ocrx_word' id='word_1_312' title='bbox 1075 3716 1103 3751; x_wconf 86' lang='lat' dir='ltr'><strong>ee</strong></span> <span class='ocrx_word' id='word_1_313' title='bbox 1123 3716 1181 3749; x_wconf 88' lang='lat' dir='ltr'><strong>rem</strong></span> <span class='ocrx_word' id='word_1_314' title='bbox 1203 3712 1311 3753; x_wconf 76' lang='lat' dir='ltr'><strong>constat</strong></span> <span class='ocrx_word' id='word_1_315' title='bbox 1326 3698 1404 3751; x_wconf 75' lang='lat' dir='ltr'><strong>tabee</strong></span> 
     </span>
     <span class='ocr_line' id='line_1_37' title="bbox 348 3772 1404 3847; baseline 0 -19"><span class='ocrx_word' id='word_1_316' title='bbox 348 3792 409 3829; x_wconf 88' lang='lat' dir='ltr'><strong>enm</strong></span> <span class='ocrx_word' id='word_1_317' title='bbox 425 3774 529 3828; x_wconf 81' lang='lat' dir='ltr'><strong>ratione</strong></span> <span class='ocrx_word' id='word_1_318' title='bbox 542 3792 572 3827; x_wconf 78' lang='lat' dir='ltr'><strong>ae</strong></span> <span class='ocrx_word' id='word_1_319' title='bbox 582 3772 665 3827; x_wconf 90' lang='lat' dir='ltr'><strong>modo</strong></span> <span class='ocrx_word' id='word_1_320' title='bbox 679 3772 768 3827; x_wconf 83' lang='lat' dir='ltr'><strong>flebat.</strong></span> <span class='ocrx_word' id='word_1_321' title='bbox 780 3774 814 3827; x_wconf 88' lang='grc' dir='ltr'><strong>Η.</strong></span> <span class='ocrx_word' id='word_1_322' title='bbox 907 3795 990 3831; x_wconf 80' lang='lat' dir='ltr'><strong>necue.</strong></span> <span class='ocrx_word' id='word_1_323' title='bbox 1014 3776 1082 3829; x_wconf 83' lang='lat' dir='ltr'><strong>Nam</strong></span> <span class='ocrx_word' id='word_1_324' title='bbox 1106 3794 1203 3847; x_wconf 77' lang='lat' dir='ltr'><strong>pravos</strong></span> <span class='ocrx_word' id='word_1_325' title='bbox 1228 3778 1312 3832; x_wconf 86' lang='lat' dir='ltr'><strong>animi</strong></span> <span class='ocrx_word' id='word_1_326' title='bbox 1335 3792 1404 3830; x_wconf 78' lang='lat' dir='ltr'><strong>moret</strong></span> 
     </span>
     <span class='ocr_line' id='line_1_38' title="bbox 390 3854 1405 3929; baseline -0.001 -21"><span class='ocrx_word' id='word_1_327' title='bbox 390 3856 434 3923; x_wconf 80' lang='lat'><strong>59.</strong></span> <span class='ocrx_word' id='word_1_328' title='bbox 449 3855 573 3925; x_wconf 81' lang='lat' dir='ltr'><strong>AEquala‘s.</strong></span> <span class='ocrx_word' id='word_1_329' title='bbox 585 3854 684 3925; x_wconf 79' lang='lat' dir='ltr'><strong>Apellis</strong></span> <span class='ocrx_word' id='word_1_330' title='bbox 694 3854 801 3907; x_wconf 84' lang='lat' dir='ltr'><strong>scilieet.</strong></span> <span class='ocrx_word' id='word_1_331' title='bbox 809 3854 864 3907; x_wconf 81' lang='lat' dir='ltr'><strong>lde·</strong></span> <span class='ocrx_word' id='word_1_332' title='bbox 906 3868 1001 3909; x_wconf 83' lang='lat' dir='ltr'><strong>nutura</strong></span> <span class='ocrx_word' id='word_1_333' title='bbox 1014 3855 1112 3921; x_wconf 74' lang='lat' dir='ltr'><strong>latere,</strong></span> <span class='ocrx_word' id='word_1_334' title='bbox 1130 3858 1273 3929; x_wconf 80' lang='lat' dir='ltr'><strong>Exponenr</strong></span> <span class='ocrx_word' id='word_1_335' title='bbox 1287 3854 1405 3911; x_wconf 79' lang='lat' dir='ltr'><strong>oculieob</strong></span> 
     </span>
     <span class='ocr_line' id='line_1_39' title="bbox 349 3933 1404 4007; baseline 0.006 -22"><span class='ocrx_word' id='word_1_336' title='bbox 349 3935 428 3987; x_wconf 81' lang='lat' dir='ltr'><strong>minit</strong></span> <span class='ocrx_word' id='word_1_337' title='bbox 444 3934 566 3988; x_wconf 70' lang='lat' dir='ltr'><strong>Aristide</strong></span> <span class='ocrx_word' id='word_1_338' title='bbox 581 3933 702 3987; x_wconf 81' lang='lat' dir='ltr'><strong>&#39;l&#39;heba’ni</strong></span> <span class='ocrx_word' id='word_1_339' title='bbox 716 3934 863 4001; x_wconf 80' lang='lat' dir='ltr'><strong>Polemon,</strong></span> <span class='ocrx_word' id='word_1_340' title='bbox 906 3936 949 3989; x_wconf 81' lang='lat' dir='ltr'><strong>via</strong></span> <span class='ocrx_word' id='word_1_341' title='bbox 964 3936 1056 4007; x_wconf 74' lang='lat' dir='ltr'><strong>rigna,</strong></span> <span class='ocrx_word' id='word_1_342' title='bbox 1075 3948 1157 3991; x_wconf 79' lang='lat' dir='ltr'><strong>vetat.</strong></span> <span class='ocrx_word' id='word_1_343' title='bbox 1175 3936 1230 3991; x_wconf 89' lang='lat' dir='ltr'><strong>Sed</strong></span> <span class='ocrx_word' id='word_1_344' title='bbox 1246 3938 1343 3993; x_wconf 77' lang='lat' dir='ltr'><strong>leedan</strong></span> <span class='ocrx_word' id='word_1_345' title='bbox 1359 3952 1404 3987; x_wconf 79' lang='lat' dir='ltr'><strong>wt-</strong></span> 
     </span>
     <span class='ocr_line' id='line_1_40' title="bbox 349 4013 1403 4087; baseline 0.01 -23"><span class='ocrx_word' id='word_1_346' title='bbox 349 4013 419 4070; x_wconf 89' lang='lat' dir='ltr'><strong>libro</strong></span> <span class='ocrx_word' id='word_1_347' title='bbox 436 4013 471 4067; x_wconf 88' lang='lat' dir='ltr'><strong>de</strong></span> <span class='ocrx_word' id='word_1_348' title='bbox 485 4014 582 4069; x_wconf 74' lang='lat' dir='ltr'><strong>tabulis</strong></span> <span class='ocrx_word' id='word_1_349' title='bbox 599 4032 658 4084; x_wconf 70' lang='lat' dir='ltr'><strong>qun</strong></span> <span class='ocrx_word' id='word_1_350' title='bbox 674 4014 790 4083; x_wconf 87' lang='lat' dir='ltr'><strong>Sicyone</strong></span> <span class='ocrx_word' id='word_1_351' title='bbox 805 4014 862 4069; x_wconf 76' lang='lat' dir='ltr'><strong>lue·</strong></span> <span class='ocrx_word' id='word_1_352' title='bbox 907 4034 973 4087; x_wconf 83' lang='lat' dir='ltr'><strong>pua,</strong></span> <span class='ocrx_word' id='word_1_353' title='bbox 990 4016 1099 4071; x_wconf 72' lang='lat' dir='ltr'><strong>conluta</strong></span> <span class='ocrx_word' id='word_1_354' title='bbox 1115 4014 1163 4071; x_wconf 84' lang='lat' dir='ltr'><strong>aed</strong></span> <span class='ocrx_word' id='word_1_355' title='bbox 1174 4036 1223 4072; x_wconf 79' lang='lat' dir='ltr'><strong>ora</strong></span> <span class='ocrx_word' id='word_1_356' title='bbox 1233 4018 1323 4075; x_wconf 79' lang='lat' dir='ltr'><strong>ridere</strong></span> <span class='ocrx_word' id='word_1_357' title='bbox 1331 4016 1403 4082; x_wconf 62' lang='lat' dir='ltr'><strong>Qum</strong></span> 
     </span>
    </p>
   </div>
   <div class='ocr_carea' id='block_1_4' title="bbox 0 0 1499 5000">
    <p class='ocr_par' dir='ltr' id='par_1_4' title="bbox 0 0 1499 5000">
     <span class='ocr_line' id='line_1_41' title="bbox 0 0 1499 5000; baseline 0 0"><span class='ocrx_word' id='word_1_358' title='bbox 0 0 1499 5000; x_wconf 95' lang='lat' dir='ltr'><strong> </strong></span> 
     </span>
    </p>
   </div>
  </div>
 </body>
</html>
