2950 5000
413 434 574 505 LIBER
598 433 666 503 XX
676 434 807 503 XVII.
1078 430 1149 528 573

96 567 228 661 siprirna
235 566 374 636 victoria
382 552 407 597 ¹⁴
422 568 470 637 sic
484 566 732 661 triumphantes.
747 567 776 633 E
789 565 993 660 margaritis,
1007 566 1149 660 Magne,

96 688 153 741 tam
170 672 304 768 prodigo
324 698 380 760 re,
403 687 438 741 et
456 672 587 742 feminis
607 656 893 765 reperta¹⁵,quam
914 694 1028 765 gerere
1049 686 1081 741 te
1100 672 1150 742 fas

95 780 224 866 nonsit,
247 779 327 847 hinc
345 777 418 847 fieri
439 793 516 848 tuos
535 776 669 847 vultus?
696 779 744 847 sic
765 791 797 845 te
817 778 999 871 pretiosum
1019 776 1150 848 viderit

95 886 199 953 Nonne
218 882 274 953 illa
295 883 434 954 similior
456 889 505 953 tui
525 898 576 953 est
595 885 722 978 imago,
740 906 840 977 quam
862 869 1042 977 Pyrenaei¹⁵
1060 885 1149 979 ju'gis

95 988 287 1083 imposuisti?
306 993 421 1059 Grave
436 990 589 1085 prolecto
605 990 797 1083 foedumque
818 989 978 1083 probrum
998 1004 1091 1077 erat,
1115 990 1150 1059 ni

94 1097 191 1165 reriuo
205 1098 262 1165 irae
274 1096 415 1165 deorum
433 1110 602 1166 ostentum
614 1094 709 1165 ‘orodi
723 1109 908 1189 oporteret,
927 1093 1080 1191 clareque
1096 1097 1149 1164 in·

94 1199 182 1297 telligi
198 1216 325 1296 posset,
339 1202 495 1295 jamtum
512 1200 593 1270 illud
613 1215 714 1296 caput
725 1199 761 1287 ¹⁷,
779 1202 926 1271 Orientis
943 1202 1062 1296 o'pibus
1078 1203 1149 1271 sine

95 1304 206 1401 reliquo
234 1332 378 1403 corpore
410 1321 623 1378 ostentatum.
654 1310 783 1377 Caetera
809 1308 969 1403 triumphi
1000 1307 1184 1401 ejusdemt

94 1436 179 1505 quarn
195 1409 319 1482 virilia!
336 1414 526 1509 reipublice
544 1428 579 1484 et
594 1400 856 1509 quaestoribus'⁸,
872 1416 928 1509 qui
944 1438 1037 1483 oram
1051 1415 1151 1484 maris

93 1615 182 1669 turnis
197 1615 398 1688 'triumpharet
428 1618 453 1669 Δ
481 1617 593 1688 profuso
635 1636 696 1674 rum
709 1628 843 1671 ostentum
852 1614 1153 1689 esset,loreeliquentlo

93 1693 188 1766 quidem
205 1709 317 1766 sumptu
338 1696 367 1748 in
388 1698 593 1750 exstructionem
636 1709 667 1750 ut
677 1708 757 1768 ceput
767 1699 824 1768 ejus
835 1697 975 1767 precisum
986 1695 1091 1749 Orienti
1103 1696 1153 1750 toti

94 1774 234 1845 Pompeiani
258 1775 371 1839 theatri,
388 1776 480 1846 Magni
503 1776 528 1828 ei
548 1795 594 1829 co·
636 1776 694 1828 sine
710 1776 814 1848 reliquo
834 1794 947 1846 corpore
968 1787 1152 1829 ostentaretur.

93 1870 194 1923 gnomen
216 1854 340 1918 hainae,
365 1856 449 1908 tensis
474 1854 593 1909 Cassiod.
636 1854 772 1909 Ptolemei
786 1854 1154 1926 scilicetregisAEgyptijus·
1201 1898 1204 1904 .

94 1930 134 1986 lib.
149 1934 196 1993 iv,
210 1934 278 1987 Ver.
294 1933 373 2003 epist.
397 1934 444 1998 513
465 1934 543 1997 falso,
564 1946 596 1987 ut
637 1952 667 1987 ou
684 1933 832 1990 trucidatus
846 1946 899 1999 est,
915 1948 943 1987 ut
959 1934 1067 2005 quidem
1082 1935 1152 1987 refe·

93 2025 183 2066 oonstet
195 2032 227 2067 ex
241 2013 346 2077 Plinio,
362 2012 411 2065 lib.
420 2013 486 2078 Vll,
504 2031 528 2066 c.
548 2032 594 2084 ²7·
637 2026 701 2066 runt
714 2015 765 2066 sori
788 2030 857 2069 toret
874 2031 964 2067 rerum
983 2030 1154 2067 romanarum

94 2089 152 2145 llam
168 2110 200 2145 ex
219 2091 312 2144 Africa
327 2104 382 2149 tote
395 2092 502 2146 subacta
522 2105 550 2146 et
564 2093 593 2145 iu
637 2110 740 2147 omnes.
757 2036 847 2146 fluv.

93 2168 208 2225 ditionem
225 2168 336 2224 redacte
350 2169 379 2223 id
392 2188 541 2243 cognomen
553 2182 597 2225 tu·
681 2175 727 2227 18.
756 2170 903 2237 rtetputtteoe
931 2183 956 2224 st
977 2171 1151 2242 quaestoribus,
1214 2220 1221 2235 ,

94 2248 363 2304 lit'l'reusiitillnded
371 2264 492 2322 posteros
500 2268 598 2321 cogno·
638 2252 708 2322 quio
772 2254 861 2316 maris,
874 2264 923 2304 etc.
936 2252 1073 2323 Nusquam
1085 2270 1157 2322 gres·

94 2329 236 2384 miniseioe.
249 2328 345 2382 -Sic
353 2328 464 2384 totidem
473 2330 595 2401 apicibus
639 2331 715 2383 setal
761 2328 1157 2402 rius,quamiubuuclooum,

93 2409 232 2479 aesyllebis
241 2410 310 2479 neg.
323 2430 355 2473 u,
367 2409 447 2463 Colb.
459 2408 486 2476 3,
497 2402 597 2481 aliiqub
639 2407 774 2462 editorum
795 2408 904 2463 audacie
922 2428 928 2463 :
944 2410 983 2464 sio
1006 2412 1078 2463 enirn
1098 2410 1156 2484 typi

94 2486 159 2544 188.
176 2489 284 2556 Quibus
304 2489 393 2543 verbis
411 2507 494 2560 quum
512 2490 598 2543 anbdt
638 2488 766 2543 bectenus
778 2488 876 2562 vulgati
891 2508 920 2542 s·
934 2490 1098 2562 Reipublicae
1110 2489 1157 2546 ‹le-

93 2569 212 2622 turteutie
238 2568 323 2640 paulo
346 2567 521 2630 reconditior,
546 2585 598 2622 nec
640 2580 698 2621 tutu
723 2569 797 2622 mille
824 2569 954 2622 teleutum
977 2589 984 2623 z
1010 2571 1103 2642 legatie
1130 2583 1158 2626 et

92 2648 170 2701 suun
189 2646 342 2719 legentibus
364 2647 457 2711 obvie,
483 2647 599 2701 Plininni
639 2648 834 2720 quartonibus,
848 2649 1158 2722 quiorasruerisdefen·

94 2724 464 2799 bterpoletoresbecteuusite
471 2725 597 2780 edidere:
640 2725 756 2794 dissent,
769 2729 826 2782 H·S
838 2728 902 2781 bino
918 2729 1001 2782 millia
1017 2747 1023 2782 :
1046 2729 1158 2784 commi·

95 2804 600 2878 ·Qmmprotoero,·vet·Quodpr0-
640 2805 732 2860 litibus
743 2807 1061 2880 singulisquinquuginta.
1074 2810 1157 2876 »Quis
1211 2857 1213 2866 .

93 2883 153 2938 lacto
165 2883 313 2940 interillos
327 2885 400 2939 viros
415 2884 535 2940 dumea
552 2904 598 2940 oo·
641 2904 768 2958 umquem
786 2888 814 2939 iu
831 2888 911 2940 latine
930 2889 1020 2959 lingue
1040 2891 1159 2942 commili-

92 2981 213 3033 ροισι,
228 2975 284 3018 etc.
297 2989 309 3012 ι
323 2963 418 3018 ilino.
643 2977 678 3018 tes
699 2965 805 3019 audiit?
826 2967 882 3020 Nos
902 2967 1094 3038 exemplarium
1114 2987 1160 3023 ve·

129 3044 600 3116 14.Primviotors'e.Afrioeus-po
643 3045 1168 3119 tussiseimorum,integerrimorumque,
1262 3037 1265 3044 ⁴

92 3123 204 3188 nheeu,
234 3122 309 3176 uude
334 3123 427 3195 Magni
453 3141 601 3195 cognomen
643 3125 750 3197 sequuti
774 3143 866 3179 sumus
888 3125 985 3190 iidem,
1010 3125 1038 3178 iu
1066 3126 1160 3196 primis

93 3201 163 3272 tulit,
174 3215 205 3257 ut
217 3199 322 3257 dictum
340 3215 380 3257 est
394 3203 537 3274 proxime:
553 3203 602 3266 etsi
645 3204 709 3274 lieg.
727 3216 800 3269 n,et
813 3204 890 3258 Colb.
907 3205 939 3270 3,
952 3204 980 3256 iu
994 3206 1092 3278 quibus
1106 3218 1160 3259 tot·

93 3280 202 3336 victorie
221 3293 301 3336 entes
322 3283 393 3336 illius
409 3283 468 3336 ulie
484 3299 603 3336 comme·
645 3280 717 3335 idem
731 3283 838 3352 syllabis
853 3295 879 3336 et
891 3284 1012 3355 apicibus
1028 3285 1103 3338 locus
1114 3285 1160 3338 hio

94 3359 343 3422 morentur-,Iluam
646 3362 801 3424 exhibetur,
824 3373 891 3433 quot
919 3375 1157 3434 representamus:

131 3440 175 3494 1⁵.
190 3442 227 3494 Et
242 3441 343 3512 [αἰπὺ
355 3451 459 3512 κρανία.
473 3441 507 3493 lu
526 3440 604 3493 lomi·
646 3459 735 3513 neque
751 3439 830 3495 iniis
850 3439 946 3510 modo,
961 3441 1007 3495 red
1022 3433 1048 3497 ei
1067 3443 1162 3496 inillis

94 3534 182 3572 uuum
196 3539 288 3578 nsum.
303 3516 396 3572 Hreu.
647 3538 715 3591 quos
736 3518 851 3574 Budeue
873 3522 1001 3594 inspexit,
1022 3521 1057 3575 de
1082 3525 1162 3588 Arse,
1212 3543 1214 3547 ’
1235 3519 1250 3527 '⁴

114 3626 116 3629 ·
132 3601 174 3652 sb.
189 3599 306 3673 Pyrenei
313 3600 389 3670 jugis.
401 3597 474 3652 Vide
489 3616 548 3670 que
562 3596 605 3652 di·
648 3599 697 3652 lib·
711 3599 772 3662 111,
784 3600 831 3652 fol.
842 3602 888 3654 aa.
900 3591 943 3672 'De
952 3601 1080 3674 portione
1090 3613 1163 3656 certe

93 3687 130 3729 cte
141 3692 204 3732 sunt
216 3680 266 3735 lib.
278 3680 347 3744 v11,
359 3695 418 3748 cup.
434 3697 481 3749 ²7·
497 3679 532 3731 Η.
648 3678 901 3752 praemiorumque
911 3681 1164 3752 suntmilitibussiu·

131 3773 175 3827 17.
186 3759 246 3813 June
260 3772 311 3811 ruer
325 3759 389 3812 utus
400 3769 481 3827 eaput.
495 3756 577 3823 Quod
589 3774 606 3810 e
648 3756 883 3830 poliadistribute,
893 3759 927 3814 ed
938 3779 1030 3813 eorum
1041 3759 1164 3814 codicum

94 3839 254 3907 mestitia,
274 3839 326 3891 boe
342 3849 398 3902 est,
413 3835 530 3890 Orientis
544 3837 604 3908 opi·
649 3837 749 3905 iidem,
763 3856 832 3910 quoe
846 3840 951 3912 sequuti
969 3858 1075 3904 sumus,
1090 3857 1166 3894 ecoe·
1261 3885 1262 3890 ,

94 3909 152 3977 bus,
166 3917 279 3972 tborase
292 3931 383 3982 tenus,
398 3928 428 3969 ut
442 3917 526 3980 solet,
539 3934 605 3969 con·
650 3916 690 3972 (lit
700 3918 843 3972 auctoritas
853 3918 970 3991 Appiani
980 3936 1010 3971 ec
1020 3919 1166 3985 Plutarchi,

94 3986 190 4054 fletum,
199 3995 371 4069 eetriumpbi
378 4013 479 4068 pompa
488 3993 606 4049 deletum
651 3997 777 4069 equibus
789 3995 856 4050 illud
866 3999 954 4070 ipsum
968 3999 1104 4051 memorie
1114 4011 1166 4051 tre·

94 4081 147 4124 nt:
157 4074 272 4144 perinde
281 4094 311 4130 ec
320 4076 343 4130 si
355 4093 455 4130 sevum
464 4073 533 4128 illud
545 4073 609 4129 deo·
652 4075 739 4130 titum
753 4089 801 4134 ert.
815 4077 864 4132 Ille
877 4077 966 4143 euim,
979 4077 1027 4132 lib.
1043 4075 1078 4131 de
1089 4077 1167 4132 bellio
