2950 5000
336 440 408 526 342
611 445 652 513 c.
679 439 845 514 eumn
868 441 977 513 uir.
1003 421 1131 512 insu.

332 599 399 671 que
409 595 513 669 quum
525 571 680 645 dilectam
689 574 751 645 sibi
766 599 808 644 ex
818 572 977 670 pallacis⁹
997 577 1065 646 suis
1074 575 1256 671 precipue,
1267 575 1387 644 nomine

333 680 592 778 Campaspen'⁰,
611 681 736 751 nudam
757 683 848 777 pingi
872 681 917 751 ob
939 681 1193 752 admirationem
1222 680 1325 750 forme
1347 681 1385 750 ab

334 786 449 884 Apelle
473 789 641 881 jussisset,
664 811 808 882 eumque
832 802 904 857 turn
931 789 1004 884 pari
1032 803 1168 883 captum
1189 809 1298 858 amore
1321 811 1387 856 seu·

334 897 429 966 sisset
439 892 475 978 ¹¹,
499 892 589 964 dono
609 917 683 964 eam
703 894 811 964 dedit:
829 917 972 989 magnus
992 896 1121 976 animo,
1139 895 1247 990 major
1267 893 1387 988 inperio

334 1003 406 1072 sui:
426 1023 490 1070 nec
506 1001 617 1070 minor
633 1001 700 1072 hoc
718 999 823 1085 facto,
840 999 1391 1096 quamvictoriaaliqua.Quippese

334 1108 431 1192 sicit,
446 1131 510 1178 nec
524 1119 636 1176 torum
650 1119 781 1177 tantum
791 1129 901 1195 suurn,
915 1107 972 1178 sed
987 1109 1087 1177 etiarn
1101 1107 1260 1178 affectum
1271 1107 1390 1176 donarit

334 1213 452 1283 artifici
468 1237 476 1282 τ
491 1235 535 1282 ne
552 1211 681 1283 dilecte
694 1212 828 1309 quidem
847 1228 1001 1309 respectu
1020 1227 1147 1300 motus,
1161 1228 1201 1283 ut
1216 1239 1287 1308 quae
1303 1211 1393 1282 nodo

333 1321 421 1415 regis
437 1318 567 1404 fnisset,
585 1319 686 1390 modo
704 1319 840 1416 pictoris
859 1335 955 1390 esset.
970 1321 1057 1391 Sunt
1070 1323 1127 1415 qui
1139 1323 1302 1390 Venerem
1316 1323 1390 1388 Ans·

332 1423 554 1521 dyomenen¹²
572 1424 629 1495 illo
646 1427 770 1524 pictam
789 1425 970 1522 exemplari
990 1441 1121 1522 putant.

331 1571 389 1612 stro
405 1556 545 1629 frequent,
561 1571 592 1612 nt
606 1557 739 1613 constabit
753 1575 787 1611 ex
801 1559 849 1612 In·
892 1577 945 1612 nen
958 1559 1101 1625 miramur,
1111 1577 1167 1612 non
1176 1553 1318 1630 Hyperidis
1325 1555 1393 1609 actio·
1409 1557 1415 1566 '

332 1636 400 1692 dice.
412 1638 465 1690 En.
892 1655 940 1702 ne,
953 1655 1107 1711 quanquam
1118 1637 1280 1702 admirabili,
1290 1635 1330 1690 sed
1339 1653 1393 1688 con·

374 1737 403 1788 9.
432 1718 475 1770 Ee
491 1717 606 1788 puceis.
627 1718 724 1774 Grata
747 1737 779 1772 aa
798 1737 851 1772 vox
893 1731 986 1790 spectu
1001 1719 1141 1790 corporis,
1160 1717 1237 1790 qnod
1251 1716 1395 1788 illaspeelt·

333 1810 372 1851 est
380 1837 388 1861 ,
396 1797 531 1864 παλλακὴ,
544 1798 758 1852 etooncubinstn
765 1809 851 1851 sonat.
893 1799 1026 1853 tissimum
1039 1799 1155 1870 alioqui.
1166 1797 1282 1852 deducta
1293 1795 1394 1850 nudare·

333 1877 467 1948 Usurpats
493 1895 603 1950 qnoque
633 1877 794 1949 Tranquillo
822 1877 851 1931 in
894 1889 933 1932 rat
961 1879 1066 1942 tunica,
1100 1879 1225 1949 periculo
1252 1877 1393 1931 liberatam:

333 1957 561 2027 vaip-mxi:
580 1982 591 2005 ι
608 1957 703 2023 Quieti
724 1957 853 2022 vscsbat,
894 1957 1051 2030 interposito
1073 1975 1134 2012 mox
1158 1956 1284 2022 decreto,
1302 1953 1396 2026 nequit

333 2035 481 2090 accubante
493 2036 582 2108 alique
594 2037 774 2109 pallacarum,
787 2055 853 2109 quas
895 2035 1083 2092 misericordie
1096 2036 1236 2110 captando
1255 2037 1333 2106 grans
1348 2033 1396 2104 epi·

334 2115 363 2168 in
380 2112 514 2169 defunctas
528 2115 619 2170 locum
631 2114 748 2172 cesidii
765 2115 853 2191 pluri·
894 2115 961 2188 logis
982 2129 1112 2171 uteretur.
1130 2115 1196 2172 lieo
1215 2135 1281 2170 vero
1302 2127 1350 2176 est,
1368 2109 1399 2164 de

335 2197 583 2249 masconstituerst.
601 2195 719 2250 »lisam
895 2213 947 2269 qao
964 2197 1089 2269 Propert.
1102 2197 1139 2251 its
1155 2197 1245 2251 canit:
1263 2223 1275 2244 ι
1286 2195 1338 2249 Nec
1348 2209 1398 2263 qu·

380 2293 423 2330 to.
440 2274 599 2346 Campsspen.
617 2277 758 2348 narsem
776 2287 855 2329 vocat
895 2275 995 2330 deletas
1010 2277 1099 2348 potnit
1115 2295 1280 2348 componere
1290 2274 1398 2334 'I'bebati

338 2352 854 2421 AElisnns,Vsr.l{ist.X11,itth·
895 2355 1022 2430 Phryne,
1047 2367 1101 2409 tam
1125 2357 1219 2410 multia
1241 2355 1309 2409 hess
1334 2353 1397 2405 besti

336 2432 428 2487 cisum
439 2453 547 2507 quoque
557 2434 586 2489 in
597 2436 666 2490 Dial.
683 2436 727 2489 cui
744 2433 856 2505 titulun,
896 2435 992 2490 viris·
1018 2437 1083 2509 Ejus
1107 2447 1221 2490 statuam
1247 2435 1325 2488 lisine
1339 2428 1398 2505 apud

337 2514 468 2585 imagines.
480 2516 573 2570 llsnn.
895 2516 1017 2589 Delphos
1035 2535 1142 2570 aorem
1162 2516 1258 2571 scribit
1276 2513 1399 2569 Liberius.

382 2612 427 2647 rt.
446 2596 576 2667 Temperi
595 2608 691 2667 ωμηηι
707 2614 788 2649 amosa
800 2614 855 2647 scn-
897 2596 1090 2651 commeminit
1100 2598 1129 2650 in
1139 2598 1283 2669 preceptis
1296 2592 1399 2648 sanitatis

338 2676 414 2726 sisset.
423 2674 577 2729 Alexander
587 2677 737 2748 conspectis
743 2674 856 2747 captivis
897 2676 978 2730 etiam
990 2676 1163 2743 Plutarchus,
1178 2694 1237 2730 earn
1255 2675 1341 2730 dicere
1351 2670 1400 2725 toli·

339 2754 430 2806 multia
447 2766 474 2807 et
488 2756 611 2826 corporis
626 2754 814 2828 magnitudine
829 2766 856 2809 et
898 2754 1147 2829 tamprodens,nbi
1155 2759 1211 2829 jen
1219 2752 1401 2813 consentiretis

339 2832 425 2886 bema
438 2834 642 2905 prestantibus,
660 2830 800 2907 ssspoislrc,
813 2832 857 2887 in·
898 2852 929 2889 ac
941 2834 1049 2890 llsccids
1064 2848 1122 2889 toto
1138 2836 1209 2890 ios-et
1222 2852 1351 2908 corpore,
1363 2832 1401 2887 tit

339 2912 416 2983 quit,
442 2914 502 2967 sicis
514 2914 635 2985 ὀμμάτων
647 2912 794 2987 ἀλγηδόνα.
806 2915 857 2968 vi·
898 2916 977 2989 τρύγα
989 2916 1099 2977 nitalstete
1108 2919 1199 2969 πωλιῖν
1213 2912 1260 2969 διὰ
1270 2919 1316 2974 rie
1324 2910 1399 2975 daim,

339 3004 406 3046 etos.
430 2991 478 3046 lib.
497 2994 537 3057 11,
562 3010 622 3065 cap.
647 2994 673 3049 6.
696 2996 800 3048 Dsnao.
816 3024 857 3039 -
899 2994 1081 3067 idest,pluris
1095 2989 1401 3061 iecemvendereeropi·

233 3082 236 3087 '
340 3070 452 3145 Eumque
466 3084 516 3125 tan
530 3078 589 3143 pari
604 3086 709 3145 captum.
733 3073 807 3128 Brut.
827 3074 857 3127 in
899 3074 980 3128 nione
999 3094 1080 3147 qaam
1102 3070 1137 3129 de
1159 3076 1219 3147 ipsa
1236 3074 1400 3147 concepiflffli

340 3151 418 3207 MSS.
435 3154 515 3225 llegg.
527 3153 615 3208 vatic.
624 3154 739 3207 Pintian.
753 3166 780 3212 et
790 3152 860 3207 edit.
899 3154 1031 3209 homines.
1063 3154 1140 3209 Hanc
1179 3152 1298 3225 deniqne
1326 3152 1401 3207 ditm

341 3232 428 3301 princ.
450 3250 565 3303 empus,
587 3232 644 3286 dan
665 3246 859 3307 potamiaena
900 3232 987 3289 Greci
998 3234 1135 3307 lecythum
1150 3234 1252 3289 habere
1273 3234 1302 3288 in
1318 3230 1398 3287 malis:

341 3323 447 3383 septusis.
461 3312 515 3365 En·
901 3311 1229 3385 qnodeaponenaSttidu,
1238 3311 1400 3368 velocioris·

386 3410 430 3445 sn.
441 3390 639 3465 Anadyomesen.
651 3392 787 3446 Venerem
797 3394 859 3447 dvo·
900 3393 1093 3465 planeserrans
1099 3394 1257 3449 Graecorum
1267 3385 1399 3454 omniunt

342 3464 463 3541 nuptio
478 3470 579 3543 Apellis
590 3472 708 3542 pictam,
721 3472 857 3527 Venerem
900 3472 977 3527 lactei
988 3472 1079 3528 retulit
1087 3488 1222 3527 tumorem
1233 3468 1399 3542 rcrequult

343 3548 468 3603 Cnidiam
482 3550 623 3605 Praxitelis
629 3553 765 3623 sculptam
777 3551 859 3607 inisse
900 3552 936 3607 sit
945 3552 1067 3625 lecythus
1073 3554 1252 3627 protuberans
1261 3550 1400 3607 rosteriam

342 3626 856 3703 adexemplarl'brynesrtttocspltertc,
901 3630 924 3686 si
939 3631 975 3686 de
990 3635 1110 3705 corporis
1129 3632 1244 3700 habitu,
1267 3632 1401 3693 horem
1427 3662 1429 3685 :

343 3708 596 3782 sisennrti‚quam
612 3711 641 3763 in
656 3712 854 3766 Eleusiniormn
900 3712 1042 3784 parvitate,
1058 3712 1158 3785 Olpem
1171 3713 1333 3784 piscatorem
1346 3726 1399 3763 snt·
1427 3704 1429 3711 ⁴

343 3790 472 3862 panegyri
488 3802 626 3860 spectante
640 3791 765 3846 universa
781 3792 856 3847 Grn-
900 3804 1044 3862 cupitum,
1074 3794 1229 3864 conjectant
1260 3792 1399 3847 Grauius

314 3926 318 3932 ,
344 3867 526 3923 denudasset
548 3886 661 3941 corpas,
684 3882 711 3925 et
730 3871 760 3925 in
782 3890 856 3927 mare
899 3872 1039 3937 nonnulli;
1052 3874 1182 3945 qnoniam
1196 3873 1269 3945 Olpe
1282 3868 1398 3943 lecythum

343 3946 430 4001 wlnta
450 3966 528 4002 coma
549 3948 741 4017 descendisset,
763 3952 857 4007 scribit
900 3948 1077 4024 indicetssgo
1097 3950 1131 4005 nd
1151 3950 1248 4005 ios-ine
1263 3949 1400 4027 elegantiam

288 4079 290 4082 .
344 4026 857 4103 Athenens.Verbsllhodig.lib.XIV,
898 4028 1070 4086 referendum
1080 4030 1281 4089 contenderim.
1294 4030 1397 4087 Utilis!

343 4122 402 4176 αι).
420 4107 472 4173 15,
484 4120 546 4161 sant
558 4108 629 4164 bec:
643 4112 757 4167 ·Postea
768 4110 855 4185 Pliry-
899 4111 1078 4184 intelligamus
1090 4112 1207 4167 naturali
1227 4116 1316 4186 specie
1330 4123 1400 4183 pm·
