2950 5000
304 444 376 517 688
425 444 466 513 G.
491 443 648 514 PLINIl
672 444 780 514 Nar.
807 446 938 515 HIST.
963 445 1060 513 Llll.
1088 444 1287 516 XXXVII.

304 578 470 671 contingit
488 578 714 672 procurrentis
742 578 862 671 positia
884 578 918 645 in
938 590 1068 672 partem
1090 576 1307 664 utilissimam,
1331 594 1359 648 et

304 686 391 755 inter
410 699 504 753 crtus
519 706 723 777 occasusque
742 682 885 753 mediam
899 677 933 773 ):
955 707 1117 777 aquarum
1140 686 1249 778 copia,
1262 709 1358 753 nemo·

307 815 383 860 rum
399 789 607 874 salubritate,
633 790 798 859 montium
820 787 984 874 articulis,
1003 788 1171 858 ferorum¹
1189 790 1357 860 animalium

275 919 290 954 ²
308 897 512 980 innocentia,
527 893 588 964 soli
606 893 793 980 fertilitate,
809 894 923 989 pabuli
935 896 1099 964 ubertate.
1119 894 1287 988 Quidquid
1302 910 1359 981 est,

308 1026 376 1095 quo
403 1026 517 1069 carere
544 1002 613 1069 vita
634 1025 704 1069 non
726 1000 869 1095 debeat,
886 1024 1050 1095 nusquam
1074 1014 1126 1068 cst
1150 1003 1358 1093 praestantius:

309 1107 438 1203 fruges,
459 1108 593 1192 vinum,
612 1105 701 1191 olea,
719 1104 842 1175 vellera
853 1104 876 1192 ²,
898 1104 988 1188 lina,
1012 1119 1136 1188 vestes,
1156 1106 1294 1199 juvenci.
1319 1110 1359 1174 Ne

308 1238 411 1307 equos
429 1212 563 1307 quidem
579 1214 612 1279 in
634 1196 796 1307 trigariis³
814 1212 961 1305 praeferri
980 1210 1066 1280 ullos
1086 1199 1286 1281 vernaculis⁴
1302 1214 1359 1281 aui-

309 1318 494 1387 madverto.
520 1316 665 1387 Metallis
690 1320 785 1400 auri,
816 1319 964 1413 argenti,
983 1318 1074 1401 aris,
1099 1316 1199 1404 ferri,
1223 1318 1360 1411 quamdiu

310 1423 407 1494 libuit
424 1447 593 1507 exercere,
610 1421 707 1491 nullis
723 1424 843 1493 cessit:
859 1438 894 1493 et
910 1425 948 1493 iis
963 1424 1102 1491 nuncin
1120 1448 1156 1491 se
1171 1424 1298 1517 gravida
1310 1448 1361 1517 pm

310 1532 403 1599 omni
420 1530 498 1599 dote
514 1530 624 1597 varios
640 1553 775 1613 succos,
789 1542 824 1598 et
840 1528 975 1623 frugum
990 1552 1234 1623 pomorumque
1248 1553 1362 1623 sapores

309 1636 430 1705 fundit.
445 1637 497 1705 Ab
519 1659 578 1717 ea,
597 1636 743 1729 exceptis
761 1634 864 1703 India
886 1632 1059 1720 sabulosis,
1082 1636 1233 1729 proxime
1248 1634 1362 1730 quidem

308 1742 461 1811 duxerim
478 1742 692 1835 Hispaniam,
709 1764 921 1835 quarumque
940 1741 1086 1809 ambitur
1103 1742 1197 1809 mari.

349 1922 490 1976 LXXVII.
508 1939 534 1975 1.
544 1920 624 1973 Mona.
640 1919 751 1971 articulis
755 1920 826 1987 fero-
868 1922 937 1974 sium
958 1920 987 1973 in
1002 1920 1111 1974 Melam.
1127 1941 1156 1993 p.
1174 1926 1238 1977 161.
1259 1924 1319 1976 Du„
1332 1952 1364 1964 -

309 2023 371 2056 rum.
390 2003 423 2054 In
439 2000 575 2053 veteribus
588 1998 692 2070 legitur,
711 2003 824 2052 mutium
869 2002 989 2053 Montium
1000 2000 1120 2055 articulis.
1129 2000 1254 2067 Saltibus,
1269 2003 1362 2057 collicu-

310 2083 436 2136 artieulis:
449 2099 508 2152 que
523 2080 557 2131 ab
571 2092 741 2131 externarum
754 2079 825 2133 scili·
868 2080 909 2133 lis.
922 2078 1012 2131 Hanc.

310 2176 352 2216 cet
367 2161 485 2233 gentium
503 2158 602 2229 injuria
617 2158 747 2211 maenium
763 2158 826 2211 rice
911 2178 938 2211 s.
955 2158 1067 2228 Fruges,
1085 2163 1185 2227 erbam,
1198 2161 1260 2223 ota,
1273 2161 1365 2225 vellen,

309 2242 414 2295 Italiam
428 2236 585 2292 defendunt.
593 2235 626 2288 Id
636 2237 764 2289 nimirum
775 2251 823 2300 est,
871 2257 1012 2309 ...necqucs
1024 2238 1117 2311 quidem
1131 2242 1157 2290 in
1169 2240 1367 2311 trigarb's.1'riqa-

310 2318 385 2392 quod
396 2318 490 2372 scribit
504 2318 551 2369 lib.
562 2316 631 2381 ΧΠ,
644 2334 702 2385 cap.
722 2334 749 2381 1,
762 2314 826 2369 Gal·
869 2317 940 2370 rium
950 2317 1026 2369 locus
1038 2330 1077 2369 est
1087 2316 1114 2369 in
1127 2338 1181 2389 quo
1190 2320 1251 2390 eqni
1261 2338 1367 2372 exercen-

310 2401 360 2453 lias
376 2396 584 2467 inexsuperabili
597 2395 766 2447 munimento
779 2396 826 2447 tt·
869 2408 924 2454 tur.
939 2396 1040 2449 Glossae
1054 2414 1062 2449 :
1080 2401 1220 2466 tugurium,
1234 2400 1367 2459 10⁸:qu

310 2479 387 2552 pium
400 2476 526 2533 merceri,
540 2493 575 2528 ne
591 2474 674 2527 ltaliae
687 2492 717 2528 se
731 2492 826 2545 super·
869 2476 942 2529 ἵπποι
952 2477 1128 2546 γυμνάζονται.
1136 2478 1228 2549 Vulgo
1241 2482 1368 2550 nampio

311 2554 711 2620 fundant.videtib.xxxv1‚
723 2573 782 2626 cap.
801 2571 825 2608 ι.
869 2563 1006 2621 νοοιιιιιιε,Ι
1016 2557 1052 2608 Et
1062 2556 1143 2626 paulo
1151 2571 1214 2611 ante
1223 2557 1303 2612 dixit:
1315 2578 1369 2610 ms·

313 2640 415 2708 Dique.
431 2669 471 2678 —
485 2635 605 2688 Montium
618 2635 737 2686 articulis.
752 2633 826 2686 Dicit
870 2637 928 2686 dum
939 2636 1066 2702 artabalis,
1080 2635 1129 2688 sed
1140 2635 1208 2707 quid
1217 2639 1369 2690 amiraliu-

313 2715 456 2770 Salmasius
478 2712 513 2766 ad
540 2713 678 2777 Solinum,
698 2730 774 2766 noue
797 2729 825 2766 se
869 2717 929 2770 tium
947 2715 1049 2768 faciam
1069 2714 1105 2767 ad
1117 2714 1225 2769 laudem
1238 2717 1367 2770 tatiana

314 2797 446 2849 mentium
457 2792 551 2865 pedes,
569 2811 643 2845 suras
654 2805 682 2845 et
693 2792 824 2862 scapulas.
869 2791 949 2846 codd.
959 2793 1076 2865 antiquis
1086 2794 1202 2866 legitur,
1213 2801 1318 2848 mm·
1331 2796 1367 2847 ol·

313 2875 614 2928 articulosverosencn
628 2889 723 2924 noue:
737 2871 826 2941 itaque
869 2873 992 2926 sarculis:
1012 2885 1100 2938 reete;
1126 2873 1250 2927 absume
1268 2877 1302 2928 ibi
1316 2887 1368 2927 sunt

314 2952 457 3025 legendum
475 2970 546 3013 esse,
560 2954 675 3002 moutam
690 2951 827 3004 damulis.
870 2951 1035 3004 munimenta
1044 2963 1072 3004 et
1080 2954 1365 3025 propugnaculum.

316 3035 418 3086 Verum
442 3030 551 3084 fallitur.
577 3031 686 3082 Articuli
713 3031 827 3081 montium
913 3029 938 3083 3.
956 3032 987 3084 lrr
998 3033 1115 3101 trigariis.
1134 3035 1174 3086 De
1189 3052 1294 3088 caroea
1311 3031 1366 3084 dixi·

315 3124 380 3165 sunt
391 3129 474 3164 nesus
486 3122 513 3162 et
520 3112 651 3180 juncturas
664 3109 762 3179 quibus
777 3109 828 3162 sibi
871 3127 931 3162 mus
945 3109 992 3163 lib.
1008 3109 1150 3178 XXVIII,
1162 3133 1221 3184 esp.
1238 3115 1281 3168 aa.
1290 3112 1365 3164 llam

316 3190 430 3244 invicem
442 3187 586 3242 adhaerent.
600 3186 671 3241 Vide
680 3188 746 3242 luc.
758 3189 827 3241 Vos·
914 3195 940 3254 4.
957 3190 1109 3245 termulis.
1118 3192 1226 3247 Italicis.
1240 3193 1322 3248 Han.

391 3290 397 3303 ι
812 3279 829 3306 9

591 3461 1113 3493 “W
