2950 5000
299 365 305 375 ⁹
412 415 568 482 alana
594 413 784 484 xxxva.
1062 413 1132 508 447

91 547 245 616 etiamnum
268 543 388 614 sedens
413 544 581 616 colosseus
609 530 801 633 e'usdem⁸³,
826 546 860 614 in
885 543 1011 641 templo
1041 547 1136 615 Bruti

92 651 203 721 Callaici
217 651 304 746 apud
314 653 440 720 circum
452 649 611 721 ‘eumdem
632 639 654 720 ⁴.
666 654 829 721 Praeterea
839 655 955 722 Venus
965 654 1001 720 in
1018 652 1138 722 eodem

92 755 149 826 loeo
159 757 241 826 nuda
258 756 466 827 Praxiteliam
482 757 571 827 illam
585 743 827 844 antecedens⁸⁵,
840 771 876 827 et
891 783 1138 853 quemcumque

91 861 171 934 alium
190 863 298 934 locum
322 863 547 934 nobilitatura.

131 971 237 1040 Rornae
264 970 398 1064 quidem
424 968 620 1064 magnitudo
643 993 783 1064 operum
812 994 884 1038 eam
905 967 1075 1057 obliterat,
1100 993 1139 1038 ac
1162 975 1193 1028 1⁵

91 1078 182 1169 magni
195 1076 383 1147 officiorum
398 1078 674 1172 negotiorumque
695 1076 807 1145 acervi
824 1101 941 1144 omnes
959 1101 979 1144 a
997 1091 1142 1145 contem-

92 1179 215 1274 platione
231 1181 348 1252 talium
362 1182 533 1252 abducunt
543 1209 550 1252 a
561 1183 717 1276 quoniam
730 1183 914 1250 otiosorum
929 1196 964 1250 et
974 1183 1009 1250 in
1021 1206 1145 1276 magno

92 1283 141 1355 loci
160 1287 286 1358 silentio
303 1302 381 1382 apta
398 1288 573 1357 admiratio
590 1287 663 1357 talis
687 1301 748 1356 est.
780 1284 857 1376 Qua
874 1286 916 1356 de
935 1311 1035 1357 causa
1053 1290 1146 1385 igno·

92 1405 167 1462 ratur
182 1394 300 1464 artifex
319 1394 390 1488 ejus
408 1419 541 1490 quoque
554 1395 710 1482 Veneris,
723 1418 824 1487 quana
841 1396 1066 1488 Vespasianus
1087 1396 1147 1462 im·

92 1513 205 1589 perator
218 1503 253 1570 in
265 1499 422 1594 operibus
430 1485 550 1570 Pacis⁸6
562 1523 629 1570 suae
638 1499 774 1586 dicavit,
782 1501 996 1594 antiquorum
1011 1500 1148 1595 dignam

93 1600 173 1674 bana.
186 1609 251 1674 Par
267 1607 429 1676 haesitatio
445 1607 543 1676 estin
559 1603 684 1700 templo
703 1605 866 1700 Apollinis
880 1591 1051 1691 sociauit,
1069 1607 1150 1676 Nio-
1171 1624 1205 1674 re

93 1785 172 1842 (inca
184 1807 243 1861 quae
255 1801 318 1842 suut
330 1791 423 1856 obvia,
434 1789 594 1861 praetermit·
637 1789 1013 1861 Scopaafloruit,'testePlin.l.
1021 1790 1154 1858 XXXIV,

93 1867 159 1921 thina
180 1886 188 1922 a
213 1869 296 1922 latine
323 1869 420 1923 Grotio
450 1870 594 1940 interprete
637 1889 696 1939 capi.
711 1868 1154 1942 8‚Olympiadeaxxxv11;Praxi-

93 1945 214 2000 addimus
228 1969 234 2000 a
252 1975 263 1996 a
276 1949 344 2013 Quis
356 1947 439 2003 adstat
451 1948 518 2002 ista?
529 1951 596 2003 Bne·
639 1948 702 2002 telea
721 1962 810 2002 autem
828 1946 990 2020 Olympiade
1006 1967 1069 2011 om
1083 1949 1152 2002 Plin.

93 2025 141 2078 dia.
160 2028 225 2094 Qaia
246 2028 377 2099 sculpsit?
396 2029 502 2100 Scopae.
526 2029 595 2093 Quia
638 2027 706 2082 ibid.
733 2029 828 2100 Scopas
859 2029 952 2081 Venus
985 2029 1154 2082 Praxiteliana

94 2105 240 2160 eatbeaaiti'
267 2107 386 2160 Bacchus
413 2127 446 2160 an
478 2107 595 2178 Scopas?
638 2107 773 2162 Venerem
799 2108 938 2161 antecessit
958 2107 1065 2179 quidem
1087 2121 1154 2162 tem·

94 2184 188 2256 Scopae.
202 2211 213 2233 ι
229 2188 266 2239 Et
276 2187 359 2258 paulo
370 2199 449 2240 ante:
466 2187 595 2242 «Baccha
639 2207 720 2260 pore,
739 2200 767 2240 at
784 2206 839 2239 non
855 2186 994 2258 dignitate.
1010 2185 1156 2242 laudanda

94 2263 157 2334 qaod
169 2266 281 2329 insanit,
294 2285 348 2319 non
360 2267 412 2319 hoc
426 2279 537 2332 natura,
549 2265 596 2320 sed
640 2278 728 2320 taanen
740 2265 817 2319 valde
828 2267 878 2319 init
894 2265 937 2318 illa
950 2266 1044 2339 Scopae
1053 2267 1156 2333 Venus,

94 2359 130 2396 aaa
146 2356 184 2398 est
195 2363 202 2398 ε
214 2345 290 2399 Vivit
306 2345 377 2398 enim
396 2345 479 2417 lapidi
497 2347 597 2400 mixtus
640 2344 713 2418 quod
733 2365 816 2418 quum
840 2347 909 2399 foret
930 2345 1071 2400 Praxitelia
1089 2347 1157 2410 anti·

93 2423 283 2478 abarteluror.
301 2449 313 2472 a
329 2425 418 2477 liano.
476 2469 478 2474 .
640 2425 1158 2499 quior,cgrcgiatamenesset,ctquem·
1263 2487 1269 2499 ι

127 2504 169 2557 83.
191 2505 315 2577 Ejusdem.
340 2503 398 2559 Hoc
420 2518 473 2571 est,
495 2506 598 2576 Scopae.
641 2506 853 2576 cumquealium
872 2505 961 2558 locum
975 2506 1158 2561 nobilitatam.

93 2580 179 2637 flacus
192 2585 292 2639 scilicet
308 2585 335 2637 in
356 2582 428 2648 aede,
452 2585 598 2638 aDeeimo
642 2584 703 2637 Non
722 2584 869 2656 pugnantia
886 2603 950 2655 ergo
964 2585 1086 2657 loquitur
1102 2586 1159 2639 Pli-

93 2660 168 2716 lunio
182 2666 265 2718 Bruto
284 2663 401 2718 Callaico
414 2676 544 2717 exstructa
569 2682 600 2717 ac
642 2664 720 2729 nius,
746 2677 776 2718 ut
792 2664 850 2717 vult
868 2664 1060 2719 CbFalconet.
1074 2666 1159 2722 Bana.

93 2738 214 2798 dedicata.
227 2744 258 2797 P.
272 2742 370 2796 Victor
383 2744 434 2797 loe.
455 2744 499 2797 cit.
514 2761 601 2815 prope
644 2774 683 2785 -
702 2742 873 2797 Praxiteliam.
894 2744 978 2799 Gron.
996 2758 1022 2798 et
1043 2744 1084 2798 al.
1101 2759 1161 2799 ante

93 2817 227 2876 delubrum
250 2822 302 2875 Cn.
326 2822 452 2887 Domitii,
477 2824 601 2893 Templum
644 2820 727 2875 Hard.
743 2822 979 2877 Praxiteliamillam
993 2824 1107 2877 Cnidiam
1117 2844 1162 2878 aa·

94 2898 161 2954 aaa
181 2902 296 2955 Callaici.
316 2902 358 2955 De
374 2902 458 2956 Bruto
484 2899 602 2954 diximus
645 2902 823 2955 teredemAEo.

93 2978 139 3042 IV,
155 2982 202 3035 35.
221 2980 333 3036 Callaici
348 2999 495 3053 cognomen
511 2982 573 3035 tulit
587 3000 603 3034 ι
687 2984 734 3035 86.
749 2983 779 3035 Io
791 2982 900 3053 operibus
915 2982 998 3037 Pacis.
1010 2982 1086 3035 Pacis
1097 2995 1165 3036 tean-

93 3056 207 3114 Gallaecia
220 3060 332 3114 devictis
343 3061 477 3133 Hispaniae
486 3061 602 3133 populis.
645 3062 720 3134 plum
741 3062 864 3133 intelligit
881 3060 1019 3115 conditum
1032 3081 1047 3115 a
1060 3063 1163 3135 Vespa-

93 3136 159 3191 V'ade
172 3140 242 3193 Livii
258 3140 331 3211 Epit.
345 3141 393 3195 lib.
406 3141 478 3194 LVl.
492 3142 582 3195 Plano.
646 3141 740 3205 aiano,
755 3154 785 3194 ut
796 3142 860 3194 alibi
876 3140 1007 3194 diximus:
1023 3142 1113 3194 multis
1129 3144 1165 3196 ai·

117 3220 175 3283 M.
198 3220 278 3291 Apud
293 3222 380 3272 circum
395 3220 509 3272 cumdem.
525 3223 556 3273 ln
572 3220 605 3274 li·
648 3221 704 3273 mul
716 3219 836 3274 aedificiis
845 3219 957 3285 additis,
971 3222 1036 3274 utin
1048 3220 1165 3277 Octavia

92 3295 142 3350 baia
160 3297 197 3352 ad
215 3301 289 3352 bunc
305 3297 377 3352 diem
394 3298 486 3365 editis,
506 3302 605 3353 subne·
648 3300 778 3372 operibus
796 3299 962 3364 dictumest,
981 3302 1098 3365 XXXV.
1117 3304 1164 3373 37.

92 3379 605 3451 ctunuarlaiarocibns,quaesequuntur‚
649 3378 753 3432 Scholia
785 3379 909 3433 videlicet
943 3392 970 3433 et
994 3380 1165 3437 bibliotheca.

96 3482 108 3503 ι
122 3455 156 3510 acl
177 3459 342 3511 Labicanum
365 3470 469 3529 portam
485 3458 602 3523 eunti‚·
650 3459 1011 3529 Bibliotlreeae'certeltempli
1025 3461 1099 3512 Pacis
1111 3481 1167 3514 me-

93 3552 154 3605 qens
166 3557 218 3591 nec
237 3536 343 3591 codices
363 3538 445 3591 nostri
465 3538 541 3591 MSS.
557 3557 607 3591 nec
651 3539 730 3591 minit
740 3538 857 3601 Gellius,
868 3538 914 3591 lib.
925 3538 1010 3604 XVI,
1021 3557 1079 3609 cap.
1091 3542 1118 3593 8.
1131 3543 1166 3594 li.

94 3614 209 3670 Pintiani
232 3629 381 3689 agnoscunt
399 3638 404 3669 :
419 3608 477 3669 'nec
503 3618 607 3671 viarum
693 3620 741 3689 87.
769 3620 894 3692 Apollinis
913 3616 1018 3670 Sastaai.
1039 3618 1167 3672 Sosianum

93 3695 173 3749 Urbis
185 3697 256 3750 ratio
270 3696 378 3768 petitur,
388 3696 517 3749 Lauicana
532 3710 610 3769 porta
652 3695 761 3770 quidam
773 3700 866 3751 volunt
877 3700 927 3750 ἀπὸ
939 3702 981 3749 τοῦ
991 3698 1091 3764 σώζειν,
1102 3718 1167 3771 qua·

93 3776 191 3829 aciaco
206 3776 341 3829 Pleminio
354 3777 455 3847 ingenti
469 3776 610 3829 intervallo
653 3776 675 3830 ai
697 3782 814 3849 σωτῆρα,
836 3795 889 3849 qna
910 3777 1014 3829 ratione
1035 3778 1169 3833 cocleolis

93 3854 613 3925 aajama‚aaaaimadveatiaatexaader
655 3854 754 3923 deum,
772 3855 1028 3921 victimandum,
1047 3858 1105 3910 Elei
1123 3878 1171 3913 co·

95 3933 219 3989 Danaam
245 3946 346 4001 noster,
368 3933 402 3988 de
422 3936 490 3989 urbe
508 3936 609 4000 Roma,
653 3936 777 4002 luerunt,
791 3937 919 3989 Pausania
932 3947 1052 4003 auctore,
1063 3937 1112 3992 lib.
1120 3940 1171 3993 Vl.

95 4010 289 4087 lib.111,oap.
306 4018 355 4077 14,
371 4032 432 4086 pag.
448 4021 511 4070 aar.
527 4014 562 4069 ll.
656 4014 712 4068 Alii
738 4014 836 4068 Susiani
857 4016 1076 4086 interpretantur,
1096 4020 1172 4089 quasi

135 4096 183 4149 85.
202 4094 366 4149 Praataaa'aa
384 4094 450 4147 illam
463 4095 610 4148 antecedens.
656 4094 773 4161 Susiani,
786 4094 859 4149 Susis
872 4096 983 4148 Romam
999 4097 1091 4158 ayecti.
1101 4097 1173 4151 Vide
