2950 5000
432 386 589 505 inibe
613 437 795 506 xxxiv.
1075 460 1145 530 ης)

104 566 202 636 mmm
223 583 345 639 nauti-re
365 569 569 663 benignitas,
592 571 752 666 exigentis
777 593 797 638 a
822 568 910 638 ferm
936 568 1007 664 ipso
1030 593 1145 662 poenas

105 674 251 768 rubigine:
268 675 450 770 eademque
463 675 671 770 providentia
690 673 771 744 nibil
788 677 822 744 in
841 673 939 744 rebus
955 674 1147 744 mortalibus

104 767 251 867 bcieute',
269 807 369 876 qnam
387 781 478 877 quod
495 781 741 852 infestissimum
761 780 961 852 mortalitati.

146 889 228 956 ΧΗ.
246 891 338 958 Ferri
360 887 492 958 metalla
511 888 634 993 ubique
656 887 899 984 propemodum
923 889 1148 984 reperiuntur,
1170 925 1180 958 t

100 993 208 1087 quippe
222 993 328 1065 insula
345 997 444 1064 etiam
462 993 565 1063 ltaliae
581 993 670 1064 llva¹
685 997 859 1091 gignente:
872 995 1074 1088 miniumque
1090 994 1149 1064 dil·

101 1095 230 1168 ienitate
248 1116 510 1196 cognoscuntur,
530 1103 602 1195 ipso
622 1100 735 1171 colore
755 1115 851 1170 terrae
874 1101 1060 1170 manifesto.
1085 1099 1149 1170 Sed

100 1205 171 1274 ratio
186 1205 318 1276 eadem²
337 1207 560 1302 excoquendis
579 1209 684 1277 venis.
714 1210 754 1277 ln
782 1206 995 1303 Cappadocia
1019 1221 1148 1276 tantum

99 1314 219 1402 questio
235 1329 305 1400 est,
324 1339 420 1409 aquae
434 1338 477 1383 an
495 1328 591 1384 terrae
606 1314 666 1384 fiat
681 1329 875 1409 acceptum,
893 1315 1051 1408 qnoniam
1071 1337 1149 1408 per-

99 1415 161 1486 lusa
178 1435 267 1489 certo
286 1420 392 1490 fluvio
410 1435 517 1506 terra,
536 1445 645 1516 neque
661 1418 757 1490 aliter
778 1419 902 1489 ferrum
923 1445 941 1488 e
961 1419 1150 1490 fornacibus

98 1521 200 1594 reddit.
214 1513 434 1596 Differentia³
451 1526 530 1596 ferri
545 1543 733 1596 numerosa.
745 1529 857 1595 Prima
870 1527 904 1594 in
919 1549 1038 1620 genere
1055 1539 1150 1596 terrae
1166 1550 1184 1614 ⁸,

97 1628 203 1700 oelire.
221 1631 305 1702 Alite
325 1622 428 1702 ‘molle
455 1647 603 1720 tantum,
630 1631 834 1728 plumboque
857 1633 997 1702 vicinius
1023 1634 1151 1702 submi-

97 1735 251 1808 nistrant:
278 1737 353 1808 aliae
374 1738 491 1834 bagile
512 1755 547 1809 ct
567 1764 728 1824 aerosum,
747 1755 960 1834 rotarumque
982 1739 1096 1808 usibus
1118 1754 1151 1808 et

97 1839 185 1913 clavis
199 1845 345 1915 maxime
360 1845 574 1941 fugiendum,
589 1845 643 1915 cui
661 1848 753 1941 prior
770 1847 855 1915 ratio
870 1846 1034 1916 convenit.
1052 1844 1151 1914 Aliud

95 1946 243 2020 brevitate
264 1949 336 2022 sola
360 1951 486 2046 placet,
508 1951 674 2046 clavisque
693 1939 897 2049 caligariisl:
920 1951 1009 2020 aliud
1029 1953 1151 2046 rubigi-

96 2077 161 2124 nem
176 2057 317 2128 celerius
334 2060 443 2128 sentit.
459 2045 646 2130 Stricturae⁵
661 2073 825 2130 vocantur
846 2060 897 2128 hae
918 2083 1049 2147 omncs,
1063 2059 1153 2154 quod

129 2323 154 2375 d.
163 2321 287 2377 Faci'enre.
303 2321 377 2377 MSS.
385 2324 508 2392 sicr'eiuis.
524 2321 558 2376 Η.
641 2326 721 2394 cnjus
729 2322 757 2374 in
769 2317 909 2374 laudandis
919 2318 1070 2372 auctoribus
1081 2319 1153 2373 haud

129 2401 195 2454 nn
220 2421 246 2456 r.
270 2404 338 2456 Ilva.
355 2403 426 2456 Vide
446 2422 506 2474 qun
527 2401 598 2456 dictu
640 2402 704 2457 sutis
713 2415 752 2455 est
766 2400 900 2472 explorata
912 2397 986 2452 lides.
999 2400 1152 2452 H.--Ilra.

95 2493 147 2534 runt
160 2481 211 2548 ΠΙ,
234 2502 282 2537 ru.
295 2482 403 2537 Sei-vim
417 2484 446 2543 in
459 2481 526 2536 illud
538 2481 598 2536 tta·
640 2482 791 2537 Plurimum
806 2479 939 2550 hodieque
954 2479 1017 2533 ferri
1035 2497 1066 2533 ex
1084 2481 1154 2535 cele-

96 2562 174 2626 mon,
188 2562 296 2617 nnete
310 2564 358 2629 x,
380 2575 447 2616 «ιιι
463 2564 521 2616 ιιι.
542 2575 598 2615 ne·
640 2562 764 2615 iernen
779 2561 842 2614 nm
857 2550 921 2631 (tia
933 2549 1037 2627 earn)
1056 2560 1154 2612 rodinis

96 2654 188 2707 centos,
208 2644 304 2696 henin
325 2644 486 2696 inexhaustis
499 2643 599 2713 Chaly·
641 2642 755 2705 eruitur,
774 2640 855 2711 hujus
878 2652 906 2693 et
928 2639 1024 2711 optimi
1044 2639 1153 2711 quidem

96 2719 151 2773 hm
164 2740 294 2792 generosa
306 2723 433 2788 metallis,
449 2748 461 2770 ι
483 2721 599 2794 amplius
641 2722 742 2775 metelli
755 2713 806 2791 (ser
816 2722 919 2791 uligine,
933 2720 1048 2790 perarida
1062 2720 1092 2771 de
1099 2716 1153 2788 ser)

95 2798 187 2870 utquid
207 2801 283 2873 apud
304 2802 422 2857 Plinium
442 2802 535 2873 legisse
553 2801 599 2855 bic
642 2801 828 2865 feracissimis,
841 2816 992 2871 quanquam
1006 2812 1033 2852 et
1047 2818 1096 2871 per
1111 2813 1155 2854 to·

95 2878 171 2933 rideri
189 2895 285 2952 quem
304 2882 325 2934 si
343 2880 464 2935 habenda
489 2882 513 2934 ei
532 2880 599 2934 fides
642 2894 696 2934 tum
707 2881 908 2950 fereEuropam
920 2880 1063 2949 reperitur.
1074 2880 1128 2933 En.

95 2971 147 3011 est:
158 2962 237 3014 verba
252 2964 313 3031 ejus
326 2975 387 3015 sunt
395 2960 597 3031 hujuscemodi:
685 2980 711 3014 s.
733 2960 807 3012 Ratio
822 2958 913 3011 eadem,
925 2960 992 3027 Ques
1002 2960 1059 3012 uiris
1070 2960 1154 3031 expli·

95 3041 256 3093 «insinueris
289 3041 441 3115 Chalybum
474 3059 600 3113 generosa
643 3047 709 3093 (uta.
722 3041 813 3093 Hann-

94 3121 215 3173 uictsllis:
233 3134 339 3193 quanto
360 3122 485 3175 abeunte
503 3121 600 3186 luerit,
684 3120 712 3172 3.
724 3118 882 3188 Merenda.
893 3116 955 3171 lsid.
968 3118 1045 3183 XVI,
1065 3137 1108 3171 so.
1119 3118 1153 3172 H.

96 3208 162 3252 tauto
175 3200 346 3272 genemsior,
364 3200 417 3254 boc
429 3212 484 3265 est,
495 3201 600 3272 πολυγό·
642 3200 725 3252 -De
739 3200 804 3253 ferri
816 3197 974 3251 differentiis
985 3198 1019 3251 cl.
1032 3198 1098 3252 Exc.
1112 3198 1155 3251 111

94 3280 221 3352 itt-Ergo
241 3285 269 3333 ta
282 3280 405 3333 ademtis
420 3298 476 3333 uon
495 3294 534 3334 eit
546 3298 599 3334 unu
642 3280 677 3334 nd
691 3279 757 3332 culc.
772 3280 828 3350 huj.
845 3270 960 3330 tinen.

94 3373 149 3426 pm
162 3360 312 3414 untionis:
329 3378 446 3431 nemque
463 3358 528 3414 dicit
545 3360 601 3413 Pli-
685 3364 712 3423 4.
737 3358 865 3431 Clavisque
889 3358 1022 3427 caligariis.
1044 3354 1154 3410 leonem

94 3436 148 3491 nius
159 3440 306 3494 Secundum
323 3457 331 3491 τ
345 3440 436 3505 Quum
448 3439 475 3492 in
488 3440 546 3493 aliis
558 3456 600 3494 re·
643 3438 751 3492 exhibet
763 3438 868 3509 caligae,
882 3438 953 3489 libro
964 3435 1107 3507 singulari,
1121 3437 1155 3490 de

95 3516 210 3585 mnibus
223 3520 450 3573 effossisrnetallir
461 3530 539 3573 terro
549 3520 602 3573 sint
644 3518 726 3590 caliga
735 3518 882 3579 Veterum,
897 3516 1042 3588 Nigronius
1057 3529 1156 3579 noster,

96 3613 189 3664 ricae,
209 3598 284 3671 opud
303 3600 388 3653 llram
409 3599 462 3652 boc
479 3616 535 3652 csse
553 3599 602 3651 mi·
643 3599 694 3651 snb
707 3598 788 3650 linem
803 3597 899 3669 operis.
910 3595 1073 3649 H.—Tacit.
1083 3597 1155 3651 Anu.

96 3693 148 3729 mm
158 3718 165 3743 ,
177 3681 282 3734 sublata
298 3692 482 3742 renascuntur,
502 3692 529 3733 et
542 3698 602 3731 rur·
644 3678 708 3743 Ῑμςι
720 3694 726 3729 :
738 3676 864 3729 -uitirari
873 3676 1003 3728 vocabulo
1013 3674 1106 3729 Caium
1118 3695 1159 3730 ca·

96 3772 134 3808 rui
155 3757 189 3811 de
216 3758 314 3813 iisdem
338 3759 403 3812 locis
423 3757 606 3813 ettodiuniur.-
644 3757 753 3829 ligulam
765 3754 1025 3827 appellebant,quia
1039 3756 1156 3827 plerum-

96 3834 177 3889 Vtrro
188 3852 215 3891 et
224 3838 300 3892 uliud
309 3837 393 3900 dicit,
407 3839 477 3891 nasci
492 3837 600 3909 quidem
644 3855 697 3908 que
710 3835 743 3889 nd
757 3832 924 3889 concilianda
937 3834 1007 3906 vulgi
1024 3834 1112 3889 studia
1126 3856 1158 3889 eo

96 3914 145 3969 illie
156 3918 273 3984 imm,
287 3916 335 3972 sed
346 3917 375 3970 in
385 3918 534 3971 stricturam
545 3936 600 3971 non
644 3916 763 3987 tegmine
773 3914 872 3986 pedum
882 3912 1051 3967 induebatur.
1062 3942 1072 3963 ι
1086 3916 1138 3968 En.

96 4000 251 4068 posseongi,
263 3998 314 4051 uiri
328 4010 502 4050 transvectum
514 3998 540 4050 in
554 3997 602 4049 Po·
688 3998 715 4049 5.
730 3996 857 4049 Strictum
877 4004 1007 4058 uocantur,
1026 4008 1077 4048 etc.
1094 3995 1160 4048 Stri-

97 4075 228 4141 pnloniam
248 4078 355 4131 Tuscia
374 4076 523 4142 civitatem,
552 4075 602 4146 ipsi
647 4087 723 4128 crura
736 4075 826 4127 Nonio
839 4072 959 4126 scintillis
974 4074 1037 4127 ferri
1054 4076 1159 4128 feuren-

97 4152 184 4209 iuruln
215 4158 368 4211 ricinum.»
394 4158 455 4209 llaec
480 4157 604 4219 Servius,
649 4156 698 4221 tis,
712 4152 786 4225 quod
802 4154 903 4217 stricte,
923 4150 950 4205 id
966 4165 1020 4217 est,
1035 4154 1155 4207 celeriter
1254 4152 1258 4161 '

984 4234 1043 4313 15³
