2950 5000
443 475 601 546 LIBER
628 479 821 551 XXXIII.
1116 473 1164 562 43

113 609 150 700 Q.
170 607 265 678 Fsbio
281 609 439 680 Maximo
435 608 633 741 dictatore,
657 637 746 683 asses
762 595 928 682 unciales³
929 609 942 650 ⁷
961 608 1072 680 facti.
1094 608 1164 728 pis·
1226 632 1228 635 ’

113 701 447 808 uuitquedenerium³⁸
459 715 601 788 sedecim
618 719 745 790 essibus
760 718 960 848 permutati,
978 716 1165 812 quinarium

111 824 240 912 octonis,
262 825 451 894 sestertium
481 827 657 918 quaternis.
677 830 730 898 Ita
749 823 936 921 respublica
941 810 967 863 ⁹
990 824 1164 894 dimidium

111 925 222 998 lucrata
249 944 310 999 est.
337 933 379 998 in
406 928 541 1000 miiitsri
567 947 679 1004 tamen
711 931 875 1028 stipendio
898 953 1032 1030 semper
1062 930 1165 1000 dens·

109 1107 286 1180 teri,iibriqne
296 1108 368 1181 typis
377 1109 498 1184 impressi
507 1125 607 1178 curent,
651 1129 711 1164 rum
729 1111 884 1164 serietatem
904 1107 952 1162 diu
973 1107 1082 1162 durasse
1097 1125 1105 1159 ι
1120 1106 1167 1162 sed

108 1187 214 1258 sprimo
225 1187 261 1240 ud
272 1189 422 1242 ultimum:
439 1190 473 1242 sb
488 1188 608 1245 editione
651 1203 754 1245 veteres
769 1201 846 1243 notas
861 1189 948 1242 stetim
965 1199 1113 1242 mecum.
1128 1187 1165 1242 II.

109 1267 215 1319 Iiomens
230 1268 294 1320 enni
314 1274 402 1339 1670,
425 1281 451 1323 et
472 1267 609 1324 Pmnensi
651 1301 692 1316 -
703 1271 848 1342 Pisaeisque
864 1269 988 1321 denarium
1007 1269 1108 1321 sedecim
1125 1287 1166 1320 us·

108 1347 161 1398 suni
176 1349 260 1416 1676,
278 1359 307 1400 et
324 1349 416 1401 Iteiioe
437 1349 608 1404 trunsistiune
650 1351 725 1404 sibus.
738 1351 806 1422 Ejus
821 1351 859 1403 rei
875 1359 1064 1420 argumentum
1081 1364 1164 1420 apps-

108 1425 213 1496 ejusdem
223 1427 303 1493 enni,
316 1445 403 1498 usque
413 1426 448 1481 sd
461 1427 608 1483 editionem
651 1440 693 1483 ret
707 1430 734 1483 in
747 1429 866 1502 quodum
878 1431 910 1482 C.
924 1429 1020 1482 Titinii
1033 1425 1164 1492 denario,

108 1505 274 1560 nouissimum.
295 1507 329 1559 Et
351 1506 397 1560 hie
415 1508 482 1561 niter
500 1509 608 1562 interim
651 1511 733 1581 ospiti
750 1509 859 1576 Romae,
870 1507 944 1582 quod
955 1509 984 1562 iu
995 1508 1164 1579 ulter-spurce

109 1583 168 1638 reri
182 1585 270 1655 lapsus
284 1585 430 1655 notandus,
444 1588 491 1660 qui
505 1599 610 1660 septen·
651 1589 783 1661 signatum
792 1599 844 1656 est,
853 1589 955 1654 adjectu
966 1589 1165 1654 hucnots,xsr,

108 1664 147 1716 uio
159 1677 261 1719 nutum
280 1667 452 1721 sextantarios
472 1685 540 1721 usses
558 1667 608 1722 du·
651 1683 681 1723 ut
696 1669 724 1721 in
749 1669 807 1722 eliis
824 1667 916 1721 multis¹
934 1688 967 1734 x,
987 1685 1086 1738 nempe
1101 1667 1164 1738 quis

106 1759 168 1797 risse
182 1746 275 1798 scribit
288 1763 296 1798 ι
308 1763 392 1816 quum
407 1745 607 1801 Punicum-bel·
650 1747 780 1802 ieriundse
792 1748 944 1821 peennieis
955 1748 1096 1819 prefectus
1109 1747 1165 1799 ius·

106 1822 154 1876 lum
166 1824 290 1890 alterum,
304 1826 481 1896 quoconfluri
491 1828 608 1882 unciales
650 1829 702 1893 rit,
721 1847 805 1901 quum
825 1828 927 1882 essibus
947 1825 1080 1880 sexdecim
1100 1843 1164 1897 per.

106 1903 176 1974 sepsi
188 1917 259 1970 suut,
269 1917 424 1975 postunuos
434 1908 548 1978 amplius
563 1927 607 1973 uo,
650 1921 767 1962 muretus
781 1920 822 1961 est
834 1907 971 1970 densrius,
987 1907 1035 1979 qui
1049 1923 1100 1978 pro
1117 1904 1165 1959 de·

107 1981 220 2054 aprioris
229 1984 284 2037 flue
294 1986 330 2038 sit
341 1987 521 2040 subsecutum.
531 1988 608 2040 II.-·
651 2007 709 2042 cem
726 2001 802 2042 untes
816 1986 940 2042 debetur.
956 1987 1056 2039 Ussrn.

107 2062 173 2117 Brut.
182 2065 322 2133 urgentedi.
331 2065 473 2118 Minucium.
486 2067 540 2120 En.
582 2055 584 2058 ¹
694 2068 793 2138 asise
808 2067 941 2138 respublica
955 2066 1088 2119 dimidium.
1101 2065 1165 2120 Hac

142 2141 186 2214 37.
208 2144 327 2198 Urusieles.
350 2145 472 2200 Pondere
495 2147 606 2201 uncie:
650 2147 719 2201 lucri
740 2149 809 2201 retis
832 2149 892 2201 init.
911 2147 1053 2218 Antiquete
1074 2157 1164 2199 vetere

108 2222 140 2276 sic
162 2221 301 2277 duodecim
326 2225 354 2277 in
384 2225 498 2298 singulus
525 2226 607 2281 libras
650 2227 764 2298 ρεειιιιίι
779 2245 814 2281 ex
829 2245 895 2294 ere,
908 2227 1165 2298 urgentoqoemsi·

108 2305 222 2372 percussi.
233 2305 325 2358 tisun.
650 2307 754 2379 busque
768 2306 933 2362 sextantariis
945 2304 1103 2369 interdictis,
1115 2325 1165 2359 un·

144 2381 187 2437 38.
207 2383 349 2457 Pisaeisque
365 2383 496 2438 decrerim
512 2387 608 2439 Vitru·
650 2387 730 2441 eisies
746 2388 801 2440 cusi
812 2399 889 2452 sunt,
904 2387 956 2440 hoc
966 2399 1018 2451 est,
1032 2387 1060 2439 in
1076 2386 1166 2458 singu·

109 2461 174 2528 rius,
193 2463 239 2519 Iih.
264 2465 323 2531 111,
350 2483 410 2537 esp.
434 2483 460 2519 r.
479 2465 607 2521 Volusius
651 2466 689 2521 iss
700 2467 781 2521 libres
791 2466 1016 2539 duodenirquum
1025 2467 1163 2540 priusseni

109 2540 248 2609 discimus,
260 2564 322 2617 pag.
342 2548 407 2617 877,
423 2546 470 2617 qui
486 2548 535 2599 sub
552 2549 607 2599 An·
650 2545 1165 2601 tautnmierirentur.Confluentedein-

109 2624 191 2676 tonino
199 2624 245 2677 Pio
255 2625 323 2679 vixit
334 2642 341 2678 t
354 2648 365 2669 ι
377 2627 506 2680 Βειιιιίιιι
516 2624 606 2697 primo
650 2626 685 2681 de
699 2626 732 2681 sd
745 2630 866 2680 serarium
881 2627 1018 2699 pubiicum
1031 2627 1122 2699 plebe.
1132 2639 1164 2679 nt

109 2718 168 2755 uses
182 2702 269 2757 decem
287 2705 406 2771 releba,
426 2706 540 2759 undeet
557 2724 607 2760 uo·
650 2726 700 2778 pro
716 2708 880 2761 sextantibus
898 2725 982 2761 nosos
1010 2724 1076 2760 usses
1096 2708 1165 2759 scci-

110 2798 163 2834 men
177 2784 250 2838 trusit
265 2802 272 2837 :
286 2784 450 2851 Quirinius,
462 2784 606 2839 dimidium
650 2798 741 2858 peret,
753 2787 821 2840 nihil
832 2786 923 2840 damni
936 2788 1009 2858 plebs
1023 2786 1163 2856 capiebat,

111 2861 173 2931 ejus,
187 2860 214 2915 id
227 2876 276 2922 est.
294 2864 414 2937 quinque
427 2882 495 2919 usses
509 2884 518 2918 ι
534 2864 607 2919 unde
651 2886 734 2939 qunm
760 2867 877 2939 ejusdem
893 2868 990 2937 pretii,
1010 2884 1163 2939 quenquam

110 2940 200 3015 etipse
221 2957 339 2997 uocetur.
364 2945 514 3011 Sestertius,
539 2944 608 2999 duos
650 2946 777 3018 ponderis
804 2946 903 3001 diversi
933 2965 1000 3000 esses
1019 2946 1131 3000 referret
1155 2962 1164 2997 ε

110 3036 167 3073 mes
179 3034 203 3075 et
214 3023 363 3089 semissem,
375 3026 451 3095 qussi
464 3024 542 3078 umis
555 3038 607 3078 ter·
650 3028 814 3098 respublica,
838 3027 894 3080 sire
918 3027 1058 3092 erarium,
1084 3025 1165 3078 dimi-

110 3098 192 3155 tius..
203 3102 303 3156 .IInne
322 3102 447 3157 deserins
465 3104 604 3158 sedecimr
650 3105 725 3160 dium
758 3108 919 3160 lucrabatur.
950 3108 1067 3160 Rursum
1099 3123 1164 3158 eun-

110 3176 256 3236 timonium
272 3196 299 3237 et
312 3184 458 3248 Quinurins
471 3196 552 3239 octo:
564 3203 605 3238 se·
650 3184 870 3251 fluenteendem,
882 3198 1016 3239 usercam
1027 3196 1162 3238 monetam
1236 3212 1241 3222 ·

109 3260 220 3325 nudus,
247 3276 365 3334 quatuor
392 3280 460 3317 esses
487 3265 602 3319 uniet.-
648 3266 782 3338 acciperet
794 3286 844 3338 pro
853 3277 977 3336 argentes
989 3278 1078 3318 vetere
1085 3282 1163 3337 ,quse

109 3336 210 3393 Euhibet
228 3342 366 3396 Petinus'
359 3360 387 3395 sn
406 3356 484 3416 gente
504 3344 605 3398 Titinia
649 3358 705 3399 tum
729 3360 800 3408 erut,
826 3344 915 3398 edicto
938 3346 1087 3417 antiquata,
1112 3362 1164 3415 pro

109 3432 233 3474 nummum
241 3442 323 3495 ‚.psg
339 3440 406 3494 277,
421 3423 485 3477 etin
498 3424 604 3478 Vsleris
649 3422 886 3496 denariissinguiis
902 3444 969 3479 usses
982 3424 1098 3477 sedecim
1113 3423 1163 3477 do·

107 3496 214 3564 aiterum,
230 3520 291 3573 psg.
312 3504 404 3565 28ss
397 3521 425 3555 ιιι
444 3505 539 3575 quibus
556 3522 606 3556 no·
650 3503 1163 3576 mumreierebst.nulioipsiusdamno‚

109 3586 200 3645 tsxrr,
220 3582 339 3654 pretium
354 3580 472 3648 densrii,
494 3602 527 3636 eo
547 3602 604 3655 quo
649 3585 890 3639 immosexsssium
904 3586 987 3657 Iusto,
999 3596 1162 3655 stuppam,

108 3670 160 3711 tout
176 3661 230 3714 crisi
248 3662 288 3714 iili
310 3672 446 3731 tempore,
467 3662 604 3727 indicent,
648 3664 746 3718 lucro:
760 3683 823 3718 nam
836 3664 929 3717 decem
943 3677 1047 3717 tanturn
1061 3664 1163 3717 essibus

108 3752 191 3809 tempe
209 3758 275 3794 esses
299 3738 431 3806 sedecim
451 3755 481 3796 ut
500 3744 606 3813 priores
648 3742 1161 3804 ἀειιιιιίιιιοΙὶιιιιιιιίιιιιιιι·ιιιιιοιιιο,

108 3830 204 3883 sotus,
222 3818 315 3874 decem
336 3820 482 3893 signsbunt.
498 3822 605 3876 Vidisse
648 3822 772 3878 sedecim.
787 3822 1061 3895 Minorishiquidem
1076 3842 1158 3887 usses,

107 3908 132 3947 ⁸0
148 3914 250 3971 quoque
269 3900 423 3973 quinarium
449 3900 485 3956 eit
505 3905 605 3957 Anton.
649 3916 679 3957 nt
699 3902 832 3969 diximus,
851 3903 898 3976 qui
918 3921 1011 3957 recens
1034 3902 1159 3968 conflati,

109 3974 270 4071 Auentinus,
300 3980 407 4053 Dialog.
425 3982 449 4047 1,
467 3992 532 4035 notu
550 4000 605 4037 vrrs
649 3982 723 4037 fuere
744 3982 896 4054 ponderis·
911 3994 939 4036 st
953 3984 1033 4056 pretii
1051 3985 1164 4036 omniuo
1218 4028 1222 4037 .

109 4052 268 4127 iwirnitum·
287 4060 314 4113 iu
330 4060 613 4116 “audiissemus
649 4077 711 4117 cum
731 4063 867 4135 prioribus
885 4064 966 4135 paris.
983 4064 1086 4117 Verum
1112 4063 1165 4116 rei·

110 4150 264 4209 uumqusm.
282 4140 349 4211 quin
368 4158 417 4195 nec
435 4140 508 4195 ilium
528 4154 604 4195 note·
649 4144 765 4214 publice
788 4157 815 4199 et
838 4143 924 4197 ersrii
948 4146 1033 4214 majos
1055 4144 1166 4198 lucrum
