2950 5000
443 436 602 505 Linea
626 438 829 507 xxxvn.
1102 435 1174 533 629
1288 466 1289 469 κ

114 552 244 654 tentus',
260 567 469 662 celantesque
486 594 522 637 se
538 568 758 665 transfulgent
778 594 886 639 aureae
903 584 1023 666 guttae,
1044 596 1175 665 semper

112 674 314 764 incorpore,
335 698 516 767 numquam
537 674 677 747 incute.
700 676 838 747 Accedit
856 674 970 773 religio
984 692 1134 763 narrata,
1155 703 1175 747 a

111 778 247 848 siderum
285 781 503 876 cognatione,
541 780 584 848 ab
616 782 876 876 inspectoribus,
911 784 1067 876 quoniam
1105 784 1174 853 fere

111 883 269 955 stellamm
299 886 451 979 Hyadum
481 900 515 954 et
543 910 701 970 numero,
733 900 767 955 et
800 887 1013 983 dispositione
1045 889 1176 959 stellan-

111 1003 169 1075 tur,
188 991 233 1060 ob
261 991 296 1059 id
327 991 489 1060 Chaldaeis
517 992 550 1059 in
580 994 777 1062 caerimoniis
801 994 933 1065 habitae.
954 997 999 1062 Et
1019 995 1075 1070 hic
1098 1020 1169 1064 ma·
1193 1035 1207 1069 s

110 1084 177 1163 rcs⁴
202 1100 375 1167 austeritas
399 1097 584 1193 distinguit,
604 1098 747 1192 quodam
772 1086 903 1195 vigore⁵
932 1104 1085 1195 apposita
1108 1102 1192 1170 tin·'
1298 1100 1303 1111 '

110 1226 193 1295 gens.
211 1202 334 1273 ludicae
354 1202 487 1297 quidem
501 1205 601 1271 etiarn
617 1203 773 1273 hebetare
788 1208 876 1275 visus
891 1206 1056 1276 dicuntur.
1072 1206 1174 1276 Blan-

108 1307 175 1375 dior
198 1307 329 1379 feminis
357 1310 517 1377 flamma:
539 1308 685 1379 alliciens
705 1312 826 1407 magis,
848 1336 947 1405 quam
979 1309 1173 1399 accendens.

107 1414 186 1482 Sunt
200 1418 257 1509 qui
276 1414 455 1508 praeferant
473 1415 629 1484 Arabicas
648 1416 792 1500 Indicis,
813 1417 1006 1511 fumidoque
1033 1419 1173 1513 chryso-

107 1516 182 1588 litho
203 1519 276 1591 illas
297 1520 558 1591 similesdirant.
581 1517 741 1592 Ismenias
762 1548 842 1591 vero
861 1539 960 1620 negat
981 1522 1078 1619 poliri
1101 1550 1172 1594 san·

105 1624 263 1712 dareson,
287 1641 426 1721 propter
443 1629 649 1696 teneritatem
666 1653 674 1695 τ
693 1642 727 1697 et
747 1629 790 1696 ob
809 1629 843 1697 id
866 1630 900 1697 in
920 1654 1040 1725 magno
1059 1654 1172 1699 errore

107 1746 194 1817 sunt,
204 1734 263 1826 qui
274 1734 462 1802 sandaricas
473 1748 603 1802 vocent.
615 1738 705 1802 lnter
718 1760 835 1804 omnes
849 1749 997 1822 constat,
1009 1750 1171 1830 quantum

105 1861 240 1907 numero
267 1838 437 1908 stellarum
465 1838 623 1922 accedat,
645 1854 774 1909 tantum
802 1854 835 1909 et
866 1842 973 1936 pretio
1002 1841 1170 1911 accedere.

105 1943 208 2012 illiert
234 1968 383 2014 errorem
406 1943 583 2038 aliquando
605 1946 785 2014 similitudo
814 1946 978 2032 nominis,
1008 1946 1208 2033 sandasel,3

105 2049 188 2139 quod
212 2036 404 2120 Nicander⁶
419 2050 639 2119 sandareseon
662 2066 779 2139 vocat,
798 2052 851 2120 alii
865 2052 1075 2121 sandareson.
1095 2054 1172 2141 Qui·

105 2152 175 2223 dam
197 2181 280 2225 vero
297 2157 385 2225 hanc
404 2157 618 2242 sautlastron,
637 2156 726 2227 illam
750 2156 983 2227 sairdarcsum⁷
997 2158 1057 2225 :in
1076 2158 1172 2228 lndia

103 2276 289 2330 nascentem
313 2248 424 2330 illam⁸
441 2288 588 2357 quoqne,
625 2277 659 2331 et
676 2262 740 2332 loci
765 2288 887 2332 nomen
907 2262 1170 2332 custodientem:

103 2366 173 2434 mali
192 2368 325 2452 colore,
344 2383 402 2435 aut
420 2367 483 2435 olei
502 2368 634 2451 viridis,
655 2368 809 2437 omnibus
829 2370 1062 2463 improbatam.

149 2475 280 2544 XXIX.
297 2477 347 2543 Ex
358 2473 481 2577 eodem·
489 2500 611 2571 genere
623 2474 829 2560 ardentium,
847 2474 985 2571 lychnis¹
1005 2474 1170 2570 appellata
1188 2521 1200 2556 ι

101 2653 165 2708 ilinc
181 2674 353 2723 summopere
366 2655 547 2709 commendari
558 2659 610 2722 ait,
654 2659 792 2712 austeritas
805 2657 961 2728 distinguit,
977 2657 1108 2730 siquidem
1130 2659 1172 2710 vi·

101 2734 267 2803 qaodaureze
279 2747 359 2805 guttis
367 2755 432 2806 quas
440 2736 511 2789 intus
522 2737 611 2802 habet,
654 2757 704 2807 gor
717 2739 836 2809 apposita
854 2739 959 2809 tingens
977 2736 1091 2791 indicat:
1114 2738 1172 2808 qui·

101 2815 209 2868 velutin
224 2814 372 2879 tralucido,
384 2827 477 2869 etsese
494 2817 610 2870 celantes
654 2815 716 2870 dam
733 2819 827 2882 etiam,
848 2829 899 2874 etc,
916 2843 926 2863 ι
946 2817 981 2868 Et
994 2821 1083 2887 eapti
1103 2819 1171 2887 ejus·

100 2895 295 2967 transiulgeant.
306 2893 391 2947 Ssnss.
400 2927 441 2938 -·-
452 2895 529 2964 Ignis.
539 2897 611 2965 Ignis
654 2895 716 2951 deni
726 2897 789 2950 libri
802 2897 918 2948 :anullis
929 2897 1013 2965 major
1023 2896 1171 2960 austeritas,

99 2972 345 3037 intusoonditus,ac
356 2975 437 3026 veluti
447 2974 610 3028 absconden·
654 2994 704 3028 nec
719 2978 808 3028 minus
826 2975 893 3028 vitii.
910 2999 921 3020 ι
939 2975 973 3028 Et
988 2975 1070 3044 paulo
1085 2988 1146 3044 post
1162 2993 1169 3028 a

99 3063 135 3106 tes
147 3071 204 3106 sese
216 3071 304 3106 aurete
313 3065 404 3123 gutta.
417 3055 509 3107 Hsnn.
655 3077 667 3099 ε
682 3073 746 3124 ergo
764 3054 857 3125 Cyprii
877 3053 950 3106 varie
965 3053 1050 3124 glauci
1067 3053 1171 3124 :magis

136 3132 412 3200 &lgnisobteutuasic
422 3133 496 3186 MSS.
504 3152 611 3199 omnes,
654 3153 685 3187 ae
699 3135 789 3186 minus
804 3135 832 3186 in
849 3130 942 3186 eodem
963 3131 1100 3202 smaragdo
1113 3131 1171 3185 aliis

97 3229 161 3282 qnos
173 3213 347 3284 inspeximus.
362 3212 438 3264 Prius
452 3213 608 3283 legebatur:
653 3213 774 3285 partibus
796 3225 914 3266 tenorem
939 3211 1015 3263 illum
1041 3209 1171 3282 Scythicas

98 3313 108 3334 ι
120 3293 192 3344 vetut
206 3282 415 3344 in'translucido
426 3292 557 3345 stellantes
568 3293 609 3345 iu·
653 3293 811 3345 austeritatis
818 3289 1166 3361 nonsempercustodiunt.·

98 3382 138 3422 tus
149 3372 253 3441 fulgent
263 3387 348 3422 auree
358 3381 448 3440 guttae.
459 3397 470 3418 ·
481 3371 609 3439 Isidorus,
653 3373 741 3442 nespas
765 3371 852 3425 Graeci
873 3383 970 3423 vocant
989 3368 1064 3440 quod
1082 3381 1170 3422 auste-

98 3450 147 3502 loc.
162 3451 209 3504 rit.
224 3473 234 3493 ι
246 3448 329 3514 Quod
341 3449 425 3501 veluti
435 3450 506 3502 intro
517 3451 609 3505 lucido
652 3471 713 3505 rum
730 3451 758 3503 in
775 3451 909 3504 coloribus
924 3449 1024 3502 Latini.
1034 3447 1120 3500 Sacis.

98 3529 155 3598 igne
179 3531 253 3582 intus
280 3529 381 3598 fulgent
407 3547 492 3582 auree
518 3544 607 3601 gutta.
694 3535 721 3583 6.
751 3531 827 3598 Quod
853 3529 984 3584 Nicander.
1017 3527 1061 3581 Sic
1092 3527 1168 3581 MSS.

70 3627 88 3662 ο
98 3608 206 3662 Constat
220 3619 307 3661 autem
320 3609 390 3660 inter
401 3627 509 3674 omnes,
525 3630 610 3681 quan·
654 3629 763 3670 ornnes,
779 3623 805 3663 et
824 3610 875 3662 boc
894 3609 969 3674 loco,
989 3607 1055 3660 etin
1071 3601 1168 3660 iiidice.

98 3687 609 3751 tnsnumerusstellarumaecedit,tanto
653 3691 724 3762 Typi
732 3707 826 3742 ornnes
839 3707 994 3759 perperam,
1005 3687 1170 3744 Meritonll.

97 3781 122 3821 et
134 3768 253 3839 pretium
264 3765 398 3820 accedere.
413 3792 426 3813 ι
443 3767 537 3823 Hann.
695 3789 722 3839 7.
736 3770 810 3822 Illam
825 3769 988 3821 sandaresum.
1001 3768 1042 3818 De
1059 3783 1110 3835 qun
1128 3762 1170 3817 di-

138 3855 164 3911 4.
181 3848 219 3900 Et
233 3847 272 3898 tic
286 3867 374 3904 mam,
393 3858 442 3899 eto.
459 3847 498 3900 Ut
510 3847 539 3900 in
551 3867 609 3902 ear·
653 3844 1133 3919 ctnmestii'iitiohujuscap.llsnn.
1223 3899 1228 3909 ,

98 3928 234 3990 busseniis,
244 3945 303 3996 cap.
320 3927 366 3980 25.
383 3926 475 3979 llus).
695 3931 721 3982 8.
740 3929 859 3981 inludia
881 3937 1014 3978 umeentem
1033 3924 1108 3976 illam.
1130 3923 1170 3976 De

138 4006 164 4058 5.
188 4007 326 4060 Austeritas
347 4007 489 4076 distinguit,
506 4007 608 4076 quodam
652 4027 704 4078 qua
722 4009 801 4077 plane
821 4006 904 4062 modo
927 4003 1071 4057 Nicander.
1094 4003 1129 4056 li.

99 4088 197 4156 algon,
211 4084 387 4157 stelaegend.
399 4111 412 4132 ι
426 4085 609 4140 Etbicmares
694 4087 798 4140 XXIX.
820 4105 844 4140 1.
865 4087 992 4158 Lyclmiter
1011 4082 1133 4152 appellato
1154 4101 1170 4136 a

979 4175 1042 4266 40³
