2950 5000
442 440 597 509 LIBER
620 442 808 511 XXXIV.
1091 436 1156 511 155
1198 436 1201 439 ’

116 573 307 643 inhonorem
324 573 408 669 ejus.
426 574 455 643 E
475 559 629 644 diver-⁸0⁶
647 575 776 646 Annius
793 572 938 661 Fetialis,
955 586 1157 667 equestrem,

114 703 175 772 qua
191 680 283 751 finerit
303 695 423 750 contra
439 680 550 750 Jovis⁷
571 683 711 751 Statoris
726 681 831 751 aedem
854 682 888 750 in
908 677 1071 749 vestibulo
1094 681 1156 749 Su·

113 786 193 877 perbi
217 786 351 875 domus,
374 784 516 857 Valeria
550 786 650 857 fuisse
674 787 854 858 Publicolas
883 784 1027 857 consulis
1057 784 1155 856 filiae:

111 915 232 986 eamque
250 892 354 963 solam
379 892 556 988 refugisse,
578 894 789 989 Tiberimque
814 893 1010 979 transvisse,
1032 894 1158 963 caeteris

110 997 276 1085 obsidibus,
293 1024 368 1095 quan
387 1002 565 1069 Porsennae
585 1000 819 1089 mittebantur,
841 999 1046 1094 interemptis
1075 1002 1156 1068 Tar·
1261 998 1265 1005 ’

115 1106 201 1196 quinii
216 1106 348 1175 insidiis.

153 1213 238 1280 XlV.
258 1214 384 1282 Lucius
404 1216 480 1284 Piso
500 1212 666 1309 prodidit,
683 1215 734 1281 M.
756 1212 914 1299 AEmilio¹,
933 1214 971 1281 C.
989 1209 1116 1305 Popilio
1129 1234 1156 1281 11
1177 1236 1188 1271 1

111 1315 257 1388 consulib.
281 1342 301 1387 a
323 1320 517 1390 censoribus
530 1323 565 1389 P.
580 1319 736 1389 Cornelio
755 1321 925 1414 Scipione,
944 1320 991 1386 M.
1011 1316 1156 1411 Popilio,

110 1436 217 1494 statuas
244 1426 351 1495 encas
369 1425 478 1496 forum
501 1450 616 1495 eorum
637 1428 695 1520 qui
711 1428 941 1520 magistratum
965 1438 1156 1518 gesserunt,

108 1527 235 1601 sublatas
251 1556 387 1619 omnes,
407 1546 527 1628 praeter
548 1556 604 1602 eas
623 1556 697 1626 qum
720 1530 836 1626 populi
854 1544 912 1599 aut
934 1544 1067 1599 senatus
1085 1554 1156 1599 sen-

109 1637 195 1705 tentia
213 1652 346 1707 statutae
361 1652 480 1707 essent.
500 1641 584 1707 Eam
603 1662 683 1707 vero
701 1662 802 1731 qnam
824 1637 913 1732 apud
927 1636 1031 1705 aedem
1046 1634 1156 1705 Tellu-

107 1740 158 1809 n's’
173 1746 336 1814 statuisset
357 1745 418 1814 sibi
437 1746 492 1839 Sp.
515 1745 665 1831 Cassius,
686 1746 744 1839 qui
768 1768 907 1839 regnum
925 1742 1155 1827 affectaverat,

106 1848 190 1916 enam
204 1850 383 1920 conflatam
402 1874 421 1919 a
444 1850 647 1920 censoribus.
668 1851 833 1919 Nimirum
856 1851 889 1918 in
911 1874 950 1917 ea
968 1870 1100 1943 quoqne
1119 1870 1156 1913 re

105 1954 263 2025 ambitioni
278 1956 502 2050 providebant
518 1955 563 2025 illi
574 1958 646 2025 viri.
659 1960 800 2026 Exstant
815 1957 953 2025 Catonis
969 1957 1155 2021 incensum

104 2061 362 2147 vociferationes,
390 2062 580 2132 mulieribus
602 2065 748 2132 romanis
767 2065 800 2131 in
825 2060 1005 2157 provinciis
1026 2072 1151 2127 statuas

104 2169 179 2259 poni.
199 2172 272 2238 Nec
293 2183 407 2239 tamen
420 2171 530 2265 potuit
543 2169 711 2252 inhibere,
725 2194 792 2265 qno
808 2170 918 2236 minus
934 2168 1050 2234 Romae
1069 2188 1150 2259 quo·

103 2297 156 2366 que
168 2289 383 2368 ponerentur,
402 2277 500 2345 sicuti
518 2274 681 2345 Comelioe
697 2274 930 2345 Gracchorum
946 2274 1062 2357 matri,
1080 2296 1153 2366 quae

103 2378 155 2448 linit
169 2381 317 2451 Africani
338 2368 476 2478 prioris³
495 2380 571 2450 filia.
598 2381 724 2451 Sedens
745 2382 823 2450 hnic
843 2380 968 2475 posita,
993 2376 1156 2471 soleisque

101 2573 130 2628 rle
150 2576 303 2631 Porsenna:
329 2578 496 2632 «Lundstrm
519 2579 600 2650 virgi-
645 2582 702 2647 596
720 2579 758 2633 Μ.
776 2579 900 2634 AEmllinr
915 2581 1046 2650 Lepidus,
1063 2579 1158 2632 (1.Ρο-

101 2671 152 2707 tem
170 2649 418 2730 (Cloeliamlparte
430 2658 556 2712 obsidum
571 2677 600 2713 se
642 2660 726 2731 pilius
741 2661 833 2713 laenas
849 2659 1009 2720 secundum,
1036 2659 1157 2712 consula-

100 2729 186 2790 (lonare
202 2736 296 2791 dixit:
318 2739 376 2809 ipsa
388 2757 457 2810 quos
471 2739 601 2792 relletle·
643 2751 700 2792 turn
721 2757 842 2811 gessere:
861 2757 1000 2793 censuram
1022 2737 1052 2790 Ρ.
1073 2739 1156 2796 Corn.
1216 2801 1221 2806 .

101 2827 179 2883 geret:
194 2815 336 2887 productis
352 2817 477 2871 omnibus
490 2819 599 2890 elegisse
642 2819 734 2891 Scipio
758 2819 863 2884 Nasica,
884 2819 922 2872 M.
946 2817 1032 2889 Popil.
1048 2818 1158 2883 Laenas,

100 2893 357 2966 inpuberesdicitur,
371 2910 438 2951 etc.»
454 2899 544 2951 Hono.
642 2898 701 2953 caii
732 2899 830 2963 frater,
865 2899 1035 2969 lustrnmque
1070 2897 1158 2951 iecere

133 2977 155 3026 6.
184 2977 207 3028 Ε
230 2978 339 3030 diuerso.
365 2977 410 3030 Sic
442 2975 600 3032 dissidentes
642 2978 748 3031 LIVex
758 2979 850 3033 Fastis.
860 2977 899 3030 Ea
910 2977 959 3031 hnc
967 2977 1068 3048 Popilia
1078 2991 1157 3048 gente

99 3054 247 3126 scriptorum
275 3057 421 3110 sententias
449 3058 542 3110 recitat
572 3067 600 3110 et
642 3058 727 3111 multo
744 3071 834 3130 postea
850 3070 939 3111 ortum
952 3056 1028 3110 duxit
1042 3075 1158 3118 namon,

99 3131 220 3190 Plutarch.
235 3137 264 3188 in
286 3135 441 3207 Poplicola,
457 3155 518 3208 pag.
533 3155 600 3208 197,
643 3155 820 3192 nnrorrsnrs
840 3155 864 3190 r.
880 3157 905 3190 r.
919 3155 979 3190 nvn.
999 3149 1024 3190 ct
1037 3135 1156 3208 ejusdem

99 3211 148 3265 aliis
157 3214 224 3268 banc
235 3215 339 3269 Clnrlioe
348 3217 601 3283 statuam,Valerioe
642 3217 698 3270 lilia
716 3217 835 3285 Helena,
853 3217 881 3270 in
903 3235 1015 3270 nummo
1031 3229 1156 3287 argenteo

99 3291 148 3345 aliis
163 3293 388 3368 adjudlcantibns.
409 3295 490 3362 Quod
503 3298 600 3350 iterum
644 3315 754 3366 perraro
777 3297 922 3370 appellata,
941 3315 1059 3349 annana.
1080 3313 1108 3348 n.
1130 3315 1154 3350 a.

98 3374 184 3443 repetit
207 3374 242 3428 de
256 3376 330 3429 Virt.
356 3379 421 3428 mul.
440 3395 499 3450 pag.
525 3377 599 3430 ²50:
644 3375 740 3429 Heleno
762 3379 896 3447 Nepotiani
911 3374 983 3445 filia,
1007 3377 1156 3448 alteraque,

97 3441 200 3509 brianum
209 3461 269 3526 γῶν
280 3457 384 3525 ἔφιππος
397 3457 466 3509 oleion
478 3459 602 3527 γυναικὸς,
645 3455 748 3509 Faveas
762 3476 791 3509 rr.
805 3475 830 3510 r.
843 3455 936 3508 Fausta
949 3453 1156 3527 Nepotr'anifiliu,

98 3532 132 3584 lal
145 3539 185 3596 τῆς
197 3532 257 3588 stes
276 3541 321 3596 τῆς
337 3536 401 3606 ἱερᾶς
415 3537 600 3608 λιγομίνης,ἣν
646 3535 717 3607 pud
728 3537 761 3590 D.
775 3533 1032 3590 Brunnnonflnnn.

97 3611 167 3681 ἁμὶν
181 3619 226 3676 τῆς
241 3615 376 3676 Κλοιλίας,
391 3617 413 3667 ol
429 3611 459 3669 dl
473 3619 518 3678 τῆς
532 3618 601 3670 otn-
686 3635 711 3670 a.
727 3616 805 3688 Apud
812 3615 885 3670 oedem
897 3615 1009 3669 Telluris.
1021 3615 1053 3668 In
1062 3625 1157 3686 quarta

95 3694 166 3760 lopiac
179 3696 291 3766 ὶλγουσιν
304 3689 376 3747 εἶναι.
390 3695 481 3750 Bran.
645 3695 727 3749 Urbis
741 3697 848 3768 regione
863 3695 993 3766 templum
1012 3695 1128 3748 Telluris
1142 3711 1157 3748 ι

131 3791 154 3842 7.
165 3773 241 3827 Iovis.
256 3775 378 3845 Reginae
391 3774 473 3828 Urbis
484 3772 598 3830 decima.
644 3775 674 3827 P.
696 3775 805 3829 Victore
832 3775 965 3830 statuitur.
993 3775 1034 3827 De
1057 3773 1156 3846 Spurio

98 3851 148 3904 lli:
166 3867 204 3907 est
223 3856 258 3908 ab
283 3853 333 3906 ista
358 3871 419 3924 qua
440 3854 469 3909 in
490 3855 601 3926 regione
644 3855 735 3908 Cassio
746 3855 847 3927 egimus
857 3875 881 3909 c.
894 3873 920 3925 9.
936 3855 1027 3907 Hono.

97 3946 136 3982 m
151 3945 220 3986 trans
238 3933 362 3986 Tiberim
384 3935 524 3988 Valeriana
546 3949 599 3988 sta·
684 3934 830 4001 &Africani
833 3938 932 4006 prioris.
942 3933 1074 4006 Scipionis
1085 3933 1156 3986 afri.

98 4021 135 4062 tua
145 4011 177 4063 ab
190 4031 223 4066 eo
235 4014 365 4067 collocata
378 4013 481 4084 legitur.
497 4015 533 4068 Η.
644 4013 702 4066 cani
715 4016 822 4085 majoris
835 4015 913 4086 vulgo
928 4011 1004 4068 dicti.
1015 4011 1085 4066 Vide
1097 4013 1158 4065 Plu-

131 4089 202 4143 xlv.
218 4114 243 4147 r.
262 4094 301 4146 Μ.
315 4093 429 4146 AEnrilio.
444 4096 512 4147 Anu.
527 4094 597 4148 Urb.
643 4094 727 4147 tarch.
752 4096 779 4147 in
796 4093 924 4148 Gracchis
943 4095 1002 4165 ipso
1022 4091 1108 4148 initio.
1125 4093 1159 4151 In
