2950 5000
287 404 372 503 .9⁶
599 413 640 500 c,
664 410 836 483 perun
860 414 968 486 nar.
995 414 1123 485 nrsr.
1218 396 1222 403 '

323 540 451 610 millum
472 543 703 637 triumphasse.
733 550 806 617 Hac
835 545 996 642 religione
1016 548 1116 617 etiarn
1145 572 1237 619 nunc
1261 550 1332 619 addi
1352 550 1385 621 in

323 646 603 742 uhguentacoenae
613 652 835 746 triumphalis,
845 652 1145 723 etacensoribusin
1155 650 1384 750 primisJovem

322 754 528 824 miniandum
544 755 655 825 locari.
663 760 769 853 Cujus
787 761 833 829 rei
849 784 983 829 causam
993 760 1145 853 equidem
1162 762 1383 857 miror:quan

240 895 245 902 ·
322 885 423 955 quam
447 876 482 930 et
503 862 602 932 hodie
637 864 670 933 id
701 868 811 961 expeti
833 881 963 936 constat
991 853 1207 961 AEthiopum3
1239 868 1383 963 populis²

324 982 478 1063 totosque
489 994 532 1039 eo
548 971 631 1064 tingi
646 996 818 1064 proceres,
837 973 992 1067 huncque
1008 972 1118 1067 ibique
1130 973 1270 1043 deorum
1293 978 1384 1045 simu·

322 1072 420 1143 lucris
440 1075 587 1144 colorem
605 1101 686 1146 esse.
709 1080 925 1175 Quapropter
944 1078 1133 1173 diligentius
1153 1104 1383 1175 persequemur

320 1182 431 1250 omnia
449 1181 492 1249 de
509 1207 559 1251 eo.

289 1310 301 1343 1
375 1290 554 1357 XXXVII.
581 1289 849 1383 Theophrastus¹
879 1314 925 1361 xc
948 1291 1042 1360 annis
1060 1288 1156 1361 ante²
1179 1290 1386 1362 Praxibulum,

321 1393 573 1463 Atheniensium
592 1398 822 1489 magistratum
851 1388 963 1491 (quod
989 1411 1119 1492 tempus
1144 1400 1215 1467 exit
1240 1400 1274 1467 in
1299 1399 1384 1469 urbis

321 1515 444 1568 nostrae
461 1486 607 1570 ccxcrx³
626 1495 778 1591 annum)
798 1502 899 1573 tradit
910 1505 1080 1572 inventum
1099 1503 1237 1573 minium
1253 1530 1272 1573 a
1287 1504 1385 1575 Callia

321 1596 538 1693 Atherflnse',
558 1608 651 1676 initio
674 1624 828 1703 sperante
850 1627 970 1678 aurum
1001 1635 1096 1703 posse
1125 1612 1265 1705 excoqui
1290 1635 1385 1680 arena

320 1712 462 1782 ru‘hente
480 1714 513 1781 in
531 1712 672 1784 metallis
699 1717 829 1809 argenti
849 1742 857 1784 τ
877 1716 964 1785 hanc
993 1715 1095 1785 fuisse
1121 1718 1285 1811 originem
1308 1718 1383 1811 ejus.

320 1820 474 1913 Reperiri
492 1834 604 1889 autem
621 1820 691 1913 jam
710 1835 781 1889 tum
799 1824 832 1891 in
851 1823 1011 1917 Hispania
1021 1812 1045 1909 ⁴,
1064 1822 1120 1891 sed
1136 1822 1257 1892 durum
1273 1840 1306 1894 et
1320 1848 1385 1894 are·

320 1950 438 1993 uosum
455 1950 463 1992 :
480 1928 558 1994 item
569 1926 658 2022 apud
670 1927 815 1997 Colchos
829 1930 864 1997 in
883 1954 967 2023 rupe
983 1928 1127 2022 quadam
1146 1930 1331 2015 inaccessa,
1346 1955 1383 2000 ex

319 2055 384 2125 qua
402 2031 588 2124 jaculantes
608 2032 828 2104 decutere-nt:
853 2034 885 2104 id
902 2060 972 2103 esse
991 2033 1177 2103 adulterum
1197 2060 1204 2103 :
1226 2040 1383 2132 optimum

319 2162 400 2207 vero
415 2164 515 2233 supra
529 2140 700 2233 Ephesum
717 2126 891 2211 Cilbianis⁵
907 2143 1005 2236 agris.
1023 2143 1168 2213 hrenum
1187 2145 1282 2213 cocci
1300 2142 1382 2215 colo·

317 2306 395 2380 ὅπως
416 2319 457 2372 τὸν
480 2316 680 2402 tptepiulrovrc
702 2321 832 2390 2pierurre
876 2318 1276 2393 duntaxutCCXLIX.Iteque
1289 2334 1384 2375 mutere

316 2396 473 2469 mercedes«,
489 2405 514 2449 tt
534 2400 576 2453 καὶ
590 2394 728 2471 essentiis»
747 2396 776 2453 Il
794 2398 832 2470 Ip’
877 2398 1022 2471 quidquam
1039 2412 1085 2453 eut
1098 2399 1233 2462 Plinium,
1246 2402 1322 2455 libris
1333 2404 1385 2472 ejus

317 2478 428 2549 ἅρματος
445 2479 526 2539 icitur.
551 2505 562 2527 ι
578 2477 723 2544 Quomodo
735 2481 831 2533 trium·
873 2480 979 2544 invitis,
994 2479 1052 2532 falsi
1072 2499 1217 2551 coarguere
1235 2480 1266 2534 in
1285 2483 1384 2536 ratione

314 2559 606 2629 phuturumillinentee
619 2559 719 2623 minio,
735 2561 778 2613 rel
794 2561 828 2612 si·
875 2572 1026 2630 temporum
1057 2578 1113 2612 nou
1141 2559 1283 2614 audemus.
1310 2563 1384 2615 lione

314 2636 470 2707 ncpIde‚in
485 2656 595 2690 currum
609 2639 774 2709 imponere·
790 2640 825 2694 H.
871 2639 961 2692 locum
992 2650 1154 2709 praepostere
1184 2641 1312 2696 emendat
1339 2641 1386 2695 Ce-

356 2719 384 2771 3.
404 2717 558 2788 AEtlriopum.
580 2718 673 2772 Simile
690 2732 729 2772 est
754 2717 827 2789 quod
872 2718 947 2771 saub.
968 2717 995 2770 in
1009 2718 1146 2790 Theopbr.
1164 2719 1245 2774 Char.
1261 2740 1322 2792 pag.
1341 2739 1383 2791 17·

315 2794 350 2848 de
384 2798 481 2851 Gothis
502 2797 585 2849 refert
611 2796 705 2850 Isidor.
732 2797 825 2870 Origg.
872 2797 906 2850 II.
919 2797 1123 2852 -CCXLLK
1138 2798 1182 2851 Sic
1191 2798 1235 2852 ed.
1250 2801 1381 2872 princeps.

314 2877 395 2942 XIX,
412 2875 467 2929 23:
485 2902 498 2925 ι
512 2876 656 2929 nonnulle
670 2878 750 2930 etiam
765 2897 827 2946 gen·
871 2875 944 2931 Brot.
977 2890 1037 2948 post
1068 2878 1215 2931 Barbarum
1245 2878 1383 2944 emendat,

278 2987 281 2995 ι
314 2968 353 3009 tes
366 2975 420 3008 non
436 2957 524 3008 solum
539 2957 567 3009 in
583 2957 715 3021 vestibus,
734 2955 781 3010 sed
798 2969 827 3010 et
872 2957 1047 3010 CCCXLIX.
1060 2957 1110 3009 En.

315 3035 469 3108 incorpore
482 3037 826 3108 aliquasihipropriaquu·
912 3037 1058 3106 Adleperiri
1069 3049 1149 3088 autem
1157 3039 1211 3107 jam
1227 3049 1278 3090 tum
1296 3043 1322 3091 ir
1338 3039 1383 3092 Hi·

313 3116 334 3168 ei
356 3115 470 3185 iusignia
490 3115 642 3180 vindicant,
662 3129 692 3168 ut
704 3113 826 3170 videmus
870 3119 965 3186 spania.
978 3116 1156 3187 Theophrast.
1174 3117 1227 3170 loe.
1243 3119 1289 3170 eit.
1305 3120 1381 3173 Abre-

313 3195 397 3248 eirros
423 3197 636 3259 Germanorum,
673 3213 771 3265 penos
800 3209 827 3250 et
870 3196 980 3266 puiephr
995 3198 1023 3249 el
1037 3188 1382 3268 etpilssupiurextrnpirepr'·

313 3275 441 3327 cinnabar
449 3276 610 3328 Gothorum.
625 3275 745 3327 -atnn
869 3271 920 3346 δρα
934 3276 977 3328 καὶ
996 3271 1109 3336 λιθῶδες.
1135 3273 1217 3340 Quod
1241 3275 1277 3329 de
1298 3275 1382 3330 Iberia

244 3381 249 3392 =
352 3355 497 3407 XXXVII.
515 3373 538 3408 r.
560 3355 745 3424 Theophrastus.
762 3354 826 3407 Huc
870 3355 996 3408 Colchica
1023 3355 1209 3425 Daleeampiue
1241 3373 1382 3428 perperam

312 3433 451 3503 Theophr.
470 3434 517 3485 lib.
534 3435 590 3504 περὶ
601 3435 684 3496 λίθων,
696 3452 758 3504 pag.
774 3451 827 3499 ra,
870 3433 976 3506 accipit.
991 3465 1029 3476 -
1041 3435 1163 3504 Reperiri,
1181 3445 1230 3488 etc.
1248 3435 1293 3488 Sic
1305 3436 1381 3488 etiem

312 3531 371 3583 que
382 3513 435 3565 hoc
449 3513 535 3584 cupite
548 3515 582 3580 37
592 3525 649 3565 toto
658 3513 828 3566 conuneutur
870 3513 934 3566 libri
954 3513 1032 3568 MSS.
1052 3512 1127 3578 Quid
1150 3513 1171 3565 si
1196 3532 1280 3584 porro
1297 3515 1381 3586 leges,

313 3590 424 3644 totidem
437 3593 534 3645 verbis·
547 3594 638 3645 Hono.
873 3619 884 3640 ι
896 3592 1016 3664 Ileperiri
1037 3605 1126 3646 eutem
1144 3593 1266 3646 nativum
1286 3594 1316 3646 in
1335 3593 1381 3646 Ili·

354 3691 381 3725 ι.
394 3672 625 3724 AntePraaeibuhcm
634 3672 821 3724 Atheniensium.
868 3672 961 3742 rpeuia
974 3696 985 3718 ι
997 3671 1009 3723 I
1021 3671 1158 3743 Theophr.
1181 3673 1253 3724 euim
1271 3671 1327 3744 erpi
1347 3672 1380 3727 λί·

312 3750 457 3804 Praxibulo
469 3751 583 3804 Athenis
593 3751 728 3820 rempubl.
737 3749 824 3803 admi·
868 3751 1069 3820 hemitonia,
1080 3751 1180 3821 in'quit,
1192 3763 1243 3804 etc.
1257 3753 1349 3806 nnn.

311 3829 449 3884 nistrunte.
463 3831 564 3884 Dareo.
582 3863 623 3872 -
640 3830 823 3900 Magistratum.
882 3857 884 3862 ·
910 3831 936 3884 5.
956 3831 1084 3884 cilbianis.
1106 3831 1214 3883 Dictum
1235 3829 1270 3884 de
1291 3831 1333 3885 his
1346 3831 1380 3895 V,

312 3910 449 3962 Archonta
463 3910 674 3964 Atheniensium.
692 3909 783 3963 Iliun.
869 3909 1167 3980 81.viuuv.vn,e,p.
1181 3915 1256 3972 rio:
1271 3912 1379 3985 «ngre-

352 3988 380 4042 3.
396 3989 548 4043 CCXLIX.
563 3991 595 4042 ln
608 3989 685 4042 libris
693 3989 772 4043 editis
784 4002 823 4043 at·
866 3987 926 4042 dier
945 4005 1018 4042 nune
1038 3989 1115 4044 minii
1133 3988 1252 4042 rationes
1269 3991 1380 4062 expliea-

310 4087 369 4141 que,
388 4067 456 4123 adeo
477 4087 557 4123 manu
578 4069 709 4133 exaratis,
726 4068 824 4140 legitur
866 4087 905 4121 re.
917 4093 928 4113 ι
945 4067 978 4121 Id
993 4081 1083 4124 eutem
1095 4091 1106 4115 ι
1120 4068 1190 4139 agris
1200 4069 1377 4140 Ephesiorum
