2950 5000
456 406 611 476 LIBER
634 407 794 476 XXXV.
1072 406 1164 490 -ua3

110 525 237 608 alhana³
259 533 515 632 interpolantur.
544 524 706 636 Pnigitisl
731 539 871 608 Eretriae
901 537 1067 608 simillima
1093 554 1164 622 est,

108 645 322 740 grandioribus
349 657 478 714 tantum
502 642 622 740 glebis,
647 658 682 713 et
711 631 916 740 glutinosa⁵:
941 647 995 715 cui
1023 645 1164 716 effectus

107 750 182 820 idern
197 754 252 846 qui
267 747 437 838 Cimoliae,
449 749 612 820 infirmior
623 763 744 820 tamen.
759 753 920 822 Bitumiui
933 751 1099 822 simillima
1113 765 1163 822 est

106 842 292 953 ampelitis⁶3
321 857 582 952 experimentum
605 856 696 950 ejus,
721 859 749 927 si
770 881 855 930 cerae
873 857 995 928 modo⁷
1022 873 1163 953 accepto

105 962 169 1034 oleo
189 963 367 1059 liquescat,
389 963 469 1033 etsi
488 963 653 1058 nigricans
674 961 766 1034 colos
786 980 921 1036 maneat
941 979 1046 1036 tostae.
1073 965 1163 1035 Usus

103 1069 139 1138 ml
158 1069 368 1141 molliendum
391 1069 723 1164 discutiendumque:
751 1069 795 1162 ad
815 1071 889 1141 lraec
911 1070 1163 1141 medicamentis

103 1163 257 1264 additur⁸,
289 1179 522 1273 praeeipueque
552 1178 587 1246 in
614 1175 878 1272 calliblepharis⁹
913 1193 947 1248 et
975 1177 1162 1248 inficiendis

105 1307 139 1350 ca
163 1281 227 1352 lis.

139 1282 246 1460 ΙἶΙἮΙ.
260 1379 501 1482 (molerem
517 1386 614 1484 plura
632 1413 763 1484 genera.
779 1392 830 1459 Ex
848 1390 888 1459 iis
905 1388 1073 1460 Cimoliae¹
1090 1388 1159 1460 duo
1180 1415 1191 1450 ι

100 1493 135 1563 ad
161 1495 305 1566 medicos
334 1495 557 1589 pertinentia,
579 1496 778 1582 candidum,
799 1509 834 1564 et
861 1495 904 1565 ad
930 1497 1161 1591 purpurissum

132 1669 195 1722 llll
203 1672 353 1722 notorior-nm
362 1667 466 1722 albaria.
475 1667 533 1722 Hoc
545 1681 600 1734 est,
647 1669 714 1724 251.
726 1667 788 1723 Jam
800 1682 857 1722 tum
869 1687 926 1722 ero
937 1688 986 1723 sno
998 1687 1067 1740 segre
1082 1689 1160 1741 repe·

99 1749 194 1803 tectoria
211 1749 363 1820 parietum,
379 1747 475 1819 quibus
488 1761 600 1820 propter
643 1747 1163 1820 ririterramnmpelitidemscribitMar·

99 1839 244 1883 setnmtem
253 1829 330 1882 color
340 1827 416 1881 clbns
430 1826 523 1882 induci
535 1829 599 1882 soli·
643 1829 702 1882 cell.
718 1829 822 1900 Empir.
832 1846 893 1899 cap.
907 1845 965 1893 vu,
979 1848 1009 1900 p.
1022 1836 1070 1898 49.
1083 1830 1160 1884 Bitu·

99 1919 133 1960 tus
144 1907 311 1973 exolevisset,
326 1907 483 1962 exalliantur
492 1907 598 1962 Selino·
642 1908 801 1962 meonetius
811 1925 953 1981 essequam
962 1919 1059 1962 terram
1067 1910 1159 1980 ,Agri-

97 1987 128 2039 sir
137 1998 205 2042 tem
220 1987 404 2048 uestitum,
424 2001 599 2042 renoventur·
643 1987 699 2042 cola
709 2006 716 2041 :
725 1988 853 2042 carbones
860 1989 944 2058 piceas
951 2006 1047 2058 parvos
1059 1989 1159 2043 referre

97 2069 252 2138 qunlhso.
621 2083 625 2090 ·
642 2066 734 2120 Diose.
746 2067 764 2120 l.
782 2085 806 2119 c.
821 2067 857 2120 tl.
872 2099 914 2110 -—-
929 2074 972 2120 An
988 2065 1080 2126 eadem
1099 2087 1159 2140 qua

130 2147 277 2218 affigitis.
292 2146 424 2217 APnigeo
436 2146 528 2218 Libyas
539 2147 599 2201 Ma·
640 2148 721 2200 nohis
743 2145 825 2200 etiarn
845 2145 945 2200 dicitur
962 2149 1087 2218 ampelitc,
1106 2147 1157 2201 du·

96 2226 362 2281 rcotidicviconomen
371 2225 503 2297 accepisse
511 2225 598 2282 credit
641 2225 724 2280 bium.
739 2226 793 2279 Eu.

96 2307 377 2377 Agricolamliissrvigo
384 2304 595 2378 derivent,quod
682 2325 709 2377 7.
722 2307 997 2377 Experimcmumejm,
1009 2309 1102 2360 sicem
1111 2327 1158 2360 mo

95 2402 143 2438 erm
160 2399 259 2441 temni
274 2385 431 2458 deglutienti
447 2385 596 2456 periculum
638 2385 686 2450 clo,
699 2397 753 2440 etc.
767 2385 812 2438 Sic
825 2386 923 2457 prohat
937 2404 995 2439 eam
1004 2386 1156 2442 Dioscorid.

94 2465 262 2521 ananensis
273 2466 360 2521 auec
373 2466 462 2519 Dione.
474 2465 509 2532 V,
523 2483 593 2537 177:
640 2464 692 2519 loe.
701 2466 850 2519 citutearn
861 2477 1081 2539 solemnemque
1091 2468 1156 2523 trita

94 2534 149 2600 att
161 2550 280 2619 λεγομένη
298 2549 404 2617 usqimi
420 2550 470 2617 γῆ,
485 2551 516 2615 τῇ
532 2546 595 2616 χρόᾳ
637 2546 691 2600 cito
703 2544 839 2617 liquescet,
852 2545 875 2599 ci
889 2546 942 2599 olei
952 2546 1152 2619 aliquantulum

92 2624 146 2679 inni
153 2647 205 2689 τως
218 2632 250 2694 τῇ
263 2616 403 2697 Ipsrpccirlr
415 2628 469 2681 loss
479 2620 594 2697 atalpe-
637 2623 803 2679 sll'undatur.
824 2623 914 2678 lirun.

93 2700 168 2769 integ,
176 2719 304 2761 stentem
312 2705 422 2760 totidem
432 2705 521 2761 verbis
530 2722 592 2759 eum
678 2708 706 2759 8.
720 2706 769 2759 Aa
781 2706 833 2757 lusc
849 2705 1029 2759 medicamentis
1044 2706 1152 2759 additur.

93 2782 183 2851 Plinio,
196 2799 224 2841 et
243 2787 346 2841 Galerio
370 2784 405 2839 de
423 2786 484 2839 Fac.
502 2786 591 2857 simpl.
637 2785 671 2839 Et
682 2784 746 2839 indo
758 2785 869 2839 clterum
878 2785 902 2837 ei
912 2782 1154 2858 papperii-clocutu-

93 2864 154 2919 ncrl.
165 2867 211 2920 lili.
225 2868 280 2929 IX,
294 2885 353 2938 pag.
372 2864 438 2920 252.
449 2864 540 2919 Hsnn.
552 2896 592 2909 -
636 2882 713 2930 men,
724 2878 792 2919 teste
805 2863 901 2929 Aetio,
917 2866 969 2919 loc.
984 2865 1032 2919 cit.
1045 2866 1138 2919 ilino.

93 2942 197 3015 Pergitis.
210 2946 297 3000 Gron.
312 2958 339 2999 et
353 2946 394 2999 al.
409 2946 525 3015 Pigritis.
539 2945 591 2999 Eo.
678 2964 704 3013 9.
727 2946 899 3017 Pmcipueque
922 2949 949 2997 in
963 2946 1152 3016 calliblepharis.

126 3024 150 3077 5.
161 3028 338 3097 Etglutr‘ncsc.
346 3026 432 3081 Tacta
442 3025 538 3095 lingua
549 3042 592 3077 uc·
636 3025 725 3079 Diosc.
738 3038 765 3077 et
778 3024 883 3077 Ofilius.
896 3025 923 3077 ll.
939 3042 978 3078 ec.
990 3025 1082 3080 Iliun.

92 3120 136 3173 quc
146 3104 212 3159 adeo
219 3106 369 3177 glutinosa,
380 3123 411 3159 ut
422 3104 530 3176 pensilis
540 3104 593 3157 hce-
674 3106 764 3158 Lvtt.
775 3124 799 3158 s.
810 3104 890 3157 Exiis
898 3104 1007 3157 Cimoliae
1017 3105 1076 3158 duo.
1086 3104 1152 3160 nee

91 3196 151 3248 rest,
166 3190 198 3255 τῇ
212 3205 241 3238 τι
262 3186 365 3257 γλώσσῃ
381 3185 493 3257 μάλιστα
503 3188 592 3239 πολλοὶ·
634 3182 747 3239 totidem
760 3183 850 3237 verbis
862 3182 1012 3238 Dioscorid.
1025 3185 1063 3250 V,
1079 3189 1150 3256 176,

91 3268 177 3327 ταώς
191 3268 364 3335 Ικψμᾶσθαι.
377 3266 467 3318 Hane.
635 3275 661 3317 et
672 3264 779 3319 Oribas.
791 3262 839 3316 lilt-
850 3264 1003 3335 X111,pcg.
1016 3268 1088 3318 ηδε
1098 3268 1149 3322 ti:

124 3344 452 3397 autemmonstruosi
463 3344 590 3414 empelc'tis.
635 3340 665 3397 ll
678 3343 832 3414 Krpnliccti
850 3344 893 3413 pir
909 3346 963 3398 loss
978 3344 1071 3400 λευκή·
1086 3348 1102 3402 ἡ
1117 3340 1148 3417 cli

91 3410 215 3487 Ᾰμτιλῖτις
231 3437 359 3491 vocatur,
379 3422 454 3497 quod
473 3422 590 3487 vitibus,
635 3426 794 3495 lprrc'ppuper.
815 3424 921 3475 Nomen
939 3442 954 3475 a
977 3422 1084 3476 Cimolo
1101 3424 1150 3479 ha·

90 3504 137 3561 “lt
151 3502 284 3575 ἂμπίλοις,
306 3504 468 3569 circumlita,
489 3520 591 3557 vermes
635 3504 694 3568 bet,
708 3521 787 3555 unae
801 3501 965 3573 Sporadibus
978 3502 1085 3568 insulis,
1096 3523 1149 3558 un·

91 3580 234 3648 quiritium
252 3584 345 3638 oeulos
360 3582 490 3647 erodunt,
506 3580 591 3637 odore
634 3582 669 3636 de
684 3582 768 3635 Ovid.
782 3582 963 3651 Metamorph.
986 3583 1055 3648 XII,
1075 3588 1149 3648 itii,

90 3675 131 3711 suo
140 3662 268 3717 interimit
282 3682 289 3716 ε
301 3663 344 3719 rel
357 3662 431 3736 quod
442 3664 469 3717 in
481 3680 512 3717 en
523 3664 589 3717 vites
633 3664 745 3718 occinit:
756 3688 768 3710 ι
781 3674 937 3732 cretosaque
947 3680 1010 3714 rura
1021 3662 1145 3717 Cimoli..

90 3736 181 3795 felicius
194 3744 365 3814 proveniunt.
379 3746 519 3804 Auctorss,
533 3742 588 3795 Ae·
633 3742 727 3797 Hanc.
741 3774 782 3785 -
797 3740 908 3795 Cimolia
921 3740 979 3794 duo.
994 3742 1057 3795 Non
1069 3756 1150 3795 creua

90 3817 146 3885 tius,
157 3822 203 3874 lib.
221 3822 265 3888 11,
278 3842 336 3894 cap.
349 3842 382 3895 9,
403 3841 466 3895 prg.
488 3828 524 3891 49
537 3862 544 3887 ,
561 3834 586 3876 et
630 3813 783 3892 (carbonam
794 3822 825 3873 dc
835 3812 926 3889 clauc)
939 3823 1091 3891 generibus,
1101 3820 1150 3875 sed

90 3894 183 3953 Oribss.
196 3902 243 3955 lib.
260 3904 345 3970 xm,
360 3922 420 3975 pag.
437 3906 510 3967 226,
525 3912 586 3975 post
631 3902 788 3974 argillarum
801 3895 924 3963 (silicata
935 3898 1088 3964 clumimuc)
1104 3901 1149 3955 od·

91 3976 196 4035 Dioscor.
207 3982 292 4047 lih.V,
303 4002 363 4054 pag.
377 3986 445 4050 ¹81,
456 3994 483 4036 et
491 3982 586 4036 Galen.
631 3982 756 4037 scribitur
763 3994 832 4035 terra
839 3980 1052 4042 Cimolia;nobis
1060 3982 1150 4036 etiam-

91 4052 184 4127 dtl‘ac,
196 4060 287 4134 simpl.
303 4062 374 4129 merl.
387 4064 436 4119 lib.
453 4064 506 4125 lx,
525 4080 587 4134 pag.
631 4062 792 4133 uunccrgik
799 4060 1148 4126 cmoumahinsutanem-
