2950 5000
409 441 568 510 LIBER
594 442 775 511 xxxvl.
1057 441 1128 526 1165
1190 473 1192 481 ’

87 565 140 668 (ut
154 588 286 671 apparet
305 597 348 642 ex
367 563 429 666 re)
450 571 613 642 Lueulleo
634 573 794 643 marmori
814 570 923 657 dedit,
949 573 1128 644 admodum

86 681 242 752 delectatus
255 677 331 750 illo:
348 681 540 774 primusque
552 681 695 748 Romam
712 678 852 766 invexit,
865 693 975 748 atrum
992 679 1127 773 alioqui:

85 813 171 882 quum
187 802 305 857 oaetera
324 784 464 855 maculis
482 799 541 854 aut
561 784 731 856 ooloribus
753 785 1038 856 commendentur.
1063 787 1165 855 Nar-2
1200 797 1208 812 ’
1298 837 1302 846 ,

85 895 172 963 seitru
185 907 295 962 autem
312 893 348 959 in
364 889 433 960 Nili
447 889 585 975 insula⁷‚
604 889 710 961 solum
758 916 777 960 e
795 915 887 984 paene
904 891 1026 960 horum
1044 917 1131 962 mar·

85 1024 197 1068 momrn
212 998 254 1068 ab
268 1011 419 1066 amatore
443 1021 566 1066 nomen
585 999 715 1092 accepit
735 1043 745 1062 .
760 999 853 1066 Inter
870 997 951 1066 hos⁹
969 999 1133 1093 primum,

85 1120 117 1174 ut
124 1105 268 1189 arbitror,
282 1127 488 1173 marmoreos
503 1103 645 1198 parietes
659 1103 778 1172 habuit
791 1127 889 1172 scena
898 1102 923 1128 ¹⁰
936 1106 985 1172 M.
1000 1105 1132 1190 Scauri,

84 1235 142 1280 uon
155 1209 247 1280 facile
264 1209 404 1278 dixerim
419 1223 544 1296 sectos,
564 1234 607 1277 an
626 1207 739 1278 solidis
759 1207 893 1303 glebis¹¹
908 1210 1050 1303 positos,
1066 1211 1132 1279 sic·

84 1319 180 1386 utiest
191 1315 291 1386 hodie
300 1317 393 1385 Jovis
401 1317 562 1384 Tonantis
584 1314 670 1385 aedes
689 1317 724 1384 in
742 1313 909 1409 Capitolio
920 1314 955 1382 ¹².
973 1315 1133 1385 Nondum

83 1425 158 1492 enim
172 1423 251 1492 secti
269 1422 445 1491 marmoris
459 1423 599 1517 vestigia
615 1423 789 1490 invenerat
800 1407 938 1491 Italia¹³.

125 1531 180 1598 lx.
201 1527 266 1598 Sed
282 1528 430 1622 quisquis
445 1529 589 1622 primum
609 1527 737 1595 invenit
756 1549 886 1614 secare,
904 1525 1133 1623 luxuriamque
1154 1558 1165 1591 1

82 1633 232 1719 dividere,
251 1634 436 1728 importuni
452 1634 576 1727 ingenii
601 1632 673 1702 fuit.
697 1635 810 1702 Arena
826 1631 893 1702 hoc
915 1631 972 1720 fit,
994 1647 1029 1702 et
1045 1633 1134 1703 ferro

82 1739 198 1809 videtur
221 1740 309 1825 lieri,
341 1763 432 1808 serra
454 1741 489 1807 in
510 1740 671 1834 praetenui
697 1737 782 1808 linea
807 1753 979 1832 premente
1001 1755 1135 1827 arenas,

82 1846 315 1940 versandoque,
339 1843 467 1914 tructu¹
500 1845 573 1941 ipso
598 1858 740 1914 secante.
769 1843 957 1940 AEthiopira
987 1845 1030 1914 ad
1064 1847 1136 1916 haec

81 1954 208 2022 maxime
223 1951 397 2047 probatur.
413 1952 502 2020 Nam
517 1949 552 2019 id
568 1973 701 2044 quoque
718 1951 875 2036 accessit,
896 1965 933 2019 ut
948 1949 991 2019 ad
1008 1951 1135 2021 AEthio·

81 2079 236 2154 pexusque
243 2055 539 2152 peteretur²,quod
548 2056 672 2126 taceret
684 2041 869 2125 ιιιιιιιιιοιιι3
879 2057 997 2126 :immo
1005 2082 1086 2126 vero
1101 2061 1135 2127 in

113 2250 380 2323 7.Naxuur...umtt
387 2251 542 2320 inadulleg.
553 2270 579 2315 a,
621 2249 734 2315 dicitius,
747 2267 807 2322 quae
819 2249 955 2304 interduo
968 2269 1066 2306 cornua
1076 2273 1136 2324 per·

79 2344 101 2384 et
113 2333 186 2386 Collx
198 2332 234 2397 il,
249 2336 275 2384 ia
285 2330 348 2386 Nilo
361 2329 448 2383 insule
462 2329 578 2383 Pintiun.
622 2327 754 2383 tenditur.
768 2329 861 2383 ern.

79 2411 224 2481 soulim'ebst
237 2409 402 2481 s'rrMeIolegi
415 2426 579 2481 posseeom·
666 2423 710 2462 ιι.
726 2407 819 2474 Glebix
845 2407 972 2462 Molibus.
990 2409 1083 2464 quu.

79 2490 182 2545 modius.
200 2491 259 2545 Nos
277 2491 302 2542 iu
319 2488 399 2556 ctu,
410 2486 514 2543 Isidoro
530 2508 578 2542 au·
665 2489 749 2542 ndu
757 2487 990 2559 Caldmls'ffldem
998 2490 1134 2544 JovisTo-

78 2584 156 2635 nore,
176 2571 225 2643 qui
241 2570 317 2623 huuc
330 2570 421 2622 locum
433 2569 577 2640 exscripsit.
620 2567 708 2621 nautis
719 2568 749 2621 in
762 2568 896 2640 Capitolio
907 2570 1035 2623 exstruxit
1044 2573 1134 2642 Augu-

77 2648 157 2704 llsxo.
165 2681 205 2696 -
218 2652 251 2704 In
262 2648 316 2703 Nili
328 2650 416 2701 iruula.
431 2648 503 2701 Male
511 2645 577 2701 edit.
622 2659 685 2701 stus.
700 2646 811 2702 Sueten.
823 2666 882 2719 esp.
892 2668 967 2703 xxxx.
981 2650 1134 2703 Marmorare

78 2731 154 2800 prius.
169 2734 195 2782 s'x
206 2729 285 2783 ueto.
297 2728 371 2782 Brut.
387 2748 419 2781 ex
438 2724 536 2782 Isidor.
553 2730 579 2779 ia
621 2745 704 2799 porro
723 2725 816 2780 dixere
840 2728 964 2793 Veteres,
986 2728 1058 2800 quod
1083 2750 1134 2785 nos

77 2808 133 2861 ctu
146 2811 233 2863 insula.
255 2808 320 2879 Ipse
342 2808 460 2872 Plinius,
479 2807 529 2860 lils.
541 2808 579 2870 V,
622 2804 724 2860 deinde
736 2810 826 2859 vestim
839 2826 962 2862 maraton.
978 2809 1010 2861 In
1027 2822 1133 2863 vetusto

76 2888 200 3021 mpssss,
221 2888 310 2943 clim
328 2906 433 2940 marmor
445 2904 578 2940 memora·
622 2884 712 2958 lapide
724 2884 797 2957 apud
810 2886 890 3018 Gli-Et.
905 2904 933 2957 p.
951 2906 1020 2957 129:
1037 2906 1132 2943 seusu

76 2982 116 3022 ut.
172 3010 179 3021 .
622 2982 817 3019 nunonem.
873 2980 923 3019 so.

110 3050 136 3102 8.
145 3048 189 3101 Ab
202 3059 311 3099 amamus
320 3065 404 3098 nomen
416 3047 517 3117 «eoepit.
528 3045 579 3097 Lu·
666 3046 711 3100 13.
722 3044 850 3098 Iunxerat
858 3046 942 3099 Italia.
955 3047 1091 3105 Broterius
1101 3066 1134 3101 ex

74 3126 139 3180 tullo
150 3125 288 3192 videlieet,
297 3126 345 3197 qui
353 3122 500 3179 admodum
509 3122 580 3177 dele·
622 3126 704 3196 Πομ.
717 3124 853 3177 oodicibus
869 3146 884 3179 a
898 3136 925 3178 et
935 3125 968 3191 3,
979 3129 1084 3196 uestigia
1095 3130 1132 3180 in·

73 3217 154 3261 etstus
164 3208 222 3259 illo.
232 3205 277 3259 sic
291 3203 426 3270 isidorus,
439 3205 492 3257 loo.
505 3204 578 3257 eitst.
624 3207 691 3257 unio
704 3207 730 3255 in
743 3204 829 3257 Italia.
839 3202 893 3257 Eo.

76 3285 236 3357 «solumque
247 3302 325 3356 pane
345 3284 398 3337 hoe
412 3300 534 3338 marmor
545 3284 579 3336 sb
660 3283 710 3336 tx.
723 3301 748 3336 ι.
760 3284 860 3337 Tmou.
874 3284 946 3336 Dum
957 3284 1072 3339 trabitur
1079 3304 1134 3340 ser·

74 3378 185 3419 sutore
199 3382 300 3418 nomen
312 3362 423 3435 seoepit.
433 3390 445 3411 ι
459 3361 550 3418 time
622 3381 666 3427 rs,
680 3374 764 3429 ssent,
776 3360 924 3434 premendo
934 3356 1025 3417 ereum
1037 3380 1133 3436 prete-

109 3464 136 3513 9.
148 3446 220 3498 Inter
236 3444 280 3495 lios
296 3445 417 3513 primm,
435 3453 486 3495 ete.
506 3443 581 3495 Inter
622 3442 672 3495 uui
683 3442 740 3495 acie
752 3460 808 3496 sus.
822 3442 915 3495 stu.

73 3522 164 3594 lapidi
179 3522 324 3577 etLueulli
336 3522 513 3576 eomulstum.
524 3520 579 3592 lgi·
665 3540 690 3583 a,
709 3521 744 3574 Ut
761 3520 796 3573 ad
808 3520 942 3592 AEtttopas
959 3542 1032 3597 suque
1041 3536 1134 3595 petem-

74 3614 123 3670 tur,
132 3622 206 3657 suno
218 3603 275 3657 sere
287 3602 325 3654 U.
342 3601 415 3671 678,
427 3598 579 3655 adiuuem
606 3612 672 3656 ,tun
688 3599 795 3654 Similes
807 3600 937 3673 loquendi
956 3604 1084 3657 formulas
1101 3622 1134 3657 ex

73 3684 195 3752 gestat.
206 3684 335 3747 Seuurus,
347 3698 428 3754 quum
439 3680 467 3733 iu
478 3698 578 3734 mrum
622 3680 744 3734 Pliniuno
757 3678 850 3733 Iudice
865 3692 935 3751 pete.
946 3681 1038 3735 Hxxo.

74 3761 165 3815 sblriuo
186 3759 435 3815 duodevicesimum
454 3778 488 3814 ex
506 3758 580 3813 inam
664 3760 691 3813 3.
719 3760 795 3829 Quod
814 3760 911 3827 faceret
937 3780 1063 3815 mamurra.
1091 3760 1135 3815 sie

74 3844 222 3912 oonjeetuxa
231 3840 320 3911 rejicit
330 3840 442 3911 Pighius
454 3839 482 3892 in
493 3842 581 3892 Anus·
624 3839 704 3893 οίίιιιι
725 3838 806 3893 MSS.
831 3840 927 3906 Forte,
952 3840 1019 3911 quod
1036 3853 1135 3894 secaret.

74 3918 219 3987 libum
234 3932 290 3985 est,
303 3921 332 3972 in
345 3920 510 3973 consulatum
526 3918 582 3972 Gu-
624 3918 690 3980 vel.
713 3918 780 3990 quod
792 3920 920 3973 laceraret.
940 3918 994 3973 Sed
1010 3928 1036 3973 et
1043 3923 1138 3989 facem
1188 3905 1193 3926 ⁸

75 3998 136 4053 lsiuii
147 4013 177 4054 et
189 3999 311 4063 Pisonis,
323 3998 450 4053 suno.U.
466 4003 531 4067 696.
544 3996 582 4051 Η.
625 4016 732 4070 quoque
746 3998 872 4054 satisfacit
891 4018 899 4053 ι
920 4013 959 4054 est
974 4000 1046 4053 enim
1054 4002 1138 4068 sacer-s

114 4098 155 4133 ro.
169 4078 261 4133 Souis.
275 4080 358 4133 Seenx
374 4078 469 4133 theatri
481 4096 582 4150 perses
626 4097 760 4143 mmoru,
776 4096 808 4134 ex
827 4076 942 4135 rudibus
957 4080 1140 4151 impolitisqus

143 4180 211 4247 IX.
975 4176 1020 4249 30
