2950 5000
443 461 600 528 LIBER
624 458 812 530 XXXIII.
1112 460 1154 543 ἀι

112 575 208 658 rium¹⁵
219 613 277 683 pro
286 589 455 684 quinque,
472 592 658 662 sestertium
671 615 733 685 pro
749 577 1004 684 dupondio²⁶ac
1014 591 1158 660 semisse„
1222 622 1224 625 ·

112 693 370 766 Libraleautem²⁷
384 697 517 790 pondus
532 699 604 768 aeris
618 698 830 766 imminutum
848 695 936 766 bello
951 698 1078 766 Punico
1091 698 1159 790 pri·
1220 721 1228 741 ⁸

111 791 188 888 ruo²⁸,
196 827 292 895 quum
302 802 464 896 impensis
470 802 654 898 respublica
662 829 730 873 non
739 803 920 874 sufficeret:
932 805 1160 872 constitutum

111 909 1160 1006 queutassessextautariopondero²⁹ferireutunltaquinquepao

109 1083 194 1134 essibus
213 1095 314 1136 tontum
333 1083 464 1154 septenis,
477 1084 522 1138 vix
539 1103 601 1138 cnm
644 1083 691 1138 bio
704 1083 838 1149 Maximo,
857 1103 917 1156 pag.
940 1086 1003 1154 176,
1017 1096 1045 1138 et
1058 1102 1090 1138 es
1103 1084 1158 1137 Pli-

110 1163 215 1214 semisse:
238 1181 252 1216 a
273 1163 415 1216 Gronovio
438 1163 472 1216 cle
492 1163 602 1220 Sestert.
644 1165 691 1218 nio
705 1164 765 1235 ipso
778 1165 902 1236 superius
915 1183 974 1235 cap.
989 1168 1019 1226 8,
1034 1163 1159 1234 equiturn

108 1240 201 1306 liblll,
212 1260 269 1314 cap.
283 1263 310 1310 9,
321 1263 349 1314 p.
362 1245 434 1309 384,
446 1263 489 1296 sex
501 1243 602 1298 assibus
645 1263 754 1298 censum
769 1257 874 1298 maante
894 1245 1020 1297 sestertiis
1036 1261 1109 1298 cccc.
1124 1245 1160 1296 Et

108 1318 265 1386 llollaudicis,
281 1322 333 1376 boe
347 1335 401 1386 est,
413 1341 428 1376 e
439 1325 553 1386 uostris,
564 1343 602 1378 se-
646 1337 675 1378 ut
687 1327 767 1376 semel
776 1321 1007 1389 omniadiosmus,
1018 1342 1102 1394 quum
1112 1320 1160 1376 de·

107 1412 169 1472 ptem
178 1403 290 1462 assibus,
306 1414 334 1454 et
348 1421 402 1456 asse
411 1402 525 1456 dimidio
536 1404 602 1456 inte·
645 1404 714 1466 cies,
728 1403 823 1469 uicies,
835 1403 1005 1475 quadragies,
1016 1404 1158 1468 centiesve,

107 1479 256 1550 poSedad
265 1479 385 1552 pondera
396 1496 561 1536 monetarum
575 1496 602 1536 et
646 1482 736 1548 audis,
759 1496 869 1536 centena
897 1484 979 1536 millia
1008 1483 1159 1536 sestertium

107 1559 176 1628 pretia
198 1559 269 1614 band
289 1560 431 1616 attendisse
452 1561 515 1616 satis
534 1563 601 1616 mibi
646 1563 785 1616 masculini
798 1562 1158 1634 generissubintelligiscito

106 1637 224 1693 ridentur.
235 1639 322 1693 Judex
338 1641 406 1694 libra
420 1654 483 1694 esto.
507 1642 542 1696 II.
560 1671 602 1686 -ι
646 1655 795 1714 oportere:
811 1642 857 1699 bic
877 1643 949 1696 euim
969 1642 1099 1696 Romanis
1118 1642 1158 1696 lo·

106 1717 222 1774 Deseritis
234 1721 284 1773 luit
297 1734 411 1774 monetae
424 1723 548 1776 nostratis
561 1741 602 1776 as-
646 1722 748 1794 qneudi
761 1741 828 1776 uros.
843 1723 1001 1776 Sestertium
1018 1739 1102 1774 unum
1116 1741 1159 1776 ur·

104 1797 161 1850 riam
173 1801 204 1854 15
222 1801 264 1866 ula
276 1813 303 1854 et
316 1801 397 1870 paulo
410 1802 535 1872 amplius.
551 1805 602 1857 Bu.
646 1814 773 1874 genteum
793 1803 822 1854 in
841 1803 955 1856 Cimelio
970 1814 1065 1856 nostro
1076 1801 1159 1854 habe·

138 1879 178 1932 25.
204 1882 361 1949 Quinetiam.
392 1880 553 1946 Quinotium
573 1883 602 1936 in
647 1899 706 1935 mus
726 1900 788 1935 sane
807 1882 985 1947 rarissimum,
1010 1900 1072 1934 cum
1095 1893 1159 1934 nota

103 1955 255 2013 bibliotheca
270 1960 351 2032 Regia
363 1974 516 2032 argenteum
529 1961 601 2027 ridi,
647 1963 776 2025 sestertii,
786 1963 842 2014 IIS.
853 1963 887 2015 H.
901 1993 942 2005 —
955 1962 1094 2015 Sestertius
1108 1962 1160 2014 tuit

103 2037 205 2105 pondere
222 2059 387 2110 granorum,
409 2053 439 2094 ut
455 2041 602 2112 loquimur,
648 2055 762 2101 monete
776 2042 901 2094 nostratis
916 2040 1044 2094 assium3
1069 2038 1115 2107 dli
1132 2054 1160 2095 ot

102 2116 156 2184 XL,
174 2121 216 2172 coi
240 2133 302 2172 uota
324 2139 430 2190 quoque
446 2123 602 2192 subscripta
647 2121 863 2192 pauloamplius.
874 2122 958 2174 Buorr.

104 2195 132 2264 Q.
158 2199 313 2268 quinarium
346 2217 402 2252 esse
431 2198 602 2270 designabat,
690 2201 847 2270 rydsbmte
856 2201 1159 2254 autem.ltaPintianus:

104 2293 239 2347 quanquam
258 2279 303 2331 vel
324 2279 381 2332 solo
402 2277 521 2350 pondere
539 2281 603 2336 satis
647 2291 673 2332 et
687 2282 753 2352 Reg.
765 2300 792 2338 a,
804 2282 904 2334 librare.
914 2280 998 2340 Editi,
1012 2281 1089 2333 utre.
1099 2280 1159 2334 ttoe

103 2352 255 2412 adoraueute.
282 2358 354 2411 Nota
376 2371 465 2412 tamen
487 2360 603 2431 quinarii
648 2371 700 2424 est,
714 2361 790 2425 assis,
802 2361 849 2431 qui
864 2361 967 2413 libralis
980 2358 1072 2432 pondo
1089 2372 1160 2425 erat,

103 2434 216 2502 usitatior,
229 2439 267 2503 V,
282 2436 509 2511 quemadmodum
522 2438 603 2494 dena·
647 2438 755 2509 pondus
763 2454 802 2493 est
812 2441 985 2492 imminutum
997 2459 1003 2493 :
1013 2459 1068 2492 uon
1077 2440 1159 2509 ipsius

103 2515 142 2578 rii,
154 2518 184 2570 X.
201 2519 298 2571 Unum
318 2518 479 2589 ejuscemodi
497 2532 523 2573 et
536 2522 602 2575 alte·
646 2518 721 2573 librta
732 2518 853 2591 putidus,
863 2518 893 2573 ul
904 2521 989 2573 risum
999 2519 1160 2592 quibusdem

103 2610 152 2649 rum
166 2598 191 2650 in
204 2600 302 2651 illuseo
312 2612 405 2652 nostro
414 2599 552 2653 Parisieusi
562 2619 602 2654 as·
646 2599 710 2653 alias
724 2599 845 2653 eruditis.
863 2600 1014 2654 Priscianus
1030 2602 1067 2654 ita
1085 2601 1160 2653 locu·

103 2676 337 2731 oerramus.}1sao.
647 2691 689 2732 tus
711 2696 718 2733 :
742 2707 754 2728 ι
771 2680 915 2746 Denarius,
938 2680 1045 2751 iuquit,
1065 2678 1159 2733 decem

138 2762 177 2811 ιδ.
197 2758 343 2811 Sestertium
360 2776 407 2827 pro
429 2759 552 2829 dupondio
573 2780 603 2813 ee
646 2759 777 2811 librarum
796 2778 958 2823 nummus,·
972 2761 1024 2813 boc
1041 2773 1093 2823 est,
1113 2758 1161 2813 dl·

102 2839 188 2890 seaisre.
206 2839 264 2893 lloc
285 2850 339 2901 est,
353 2856 405 2909 pro
419 2840 518 2892 assibus
532 2839 603 2893 binis
647 2856 705 2891 cem
720 2839 826 2914 assium.
837 2838 929 2893 llsao.

101 2932 152 2969 oum
164 2936 215 2971 ame
232 2916 362 2972 dimidio.
375 2918 477 2984 Varro,
492 2919 540 2971 lib.
551 2920 601 2983 1v,
691 2920 738 2971 28.
761 2920 832 2971 Bello
846 2920 940 2973 Punico
947 2923 1035 2990 prbrio.
1048 2918 1162 2989 Egregie

101 2992 604 3071 deliug.Lat.pag.4r:·1uarqento
647 2998 741 3051 Festus
770 2998 965 3062 hallucinatur,
998 2999 1046 3069 qui
1076 2998 1160 3051 verbo

101 3078 351 3141 nummi...Denarii,
364 3074 439 3149 quod
449 3076 533 3131 denos
543 3078 603 3133 aris
646 3076 809 3141 Sertamurs'i,
827 3078 856 3131 id
878 3078 1005 3133 accidisse
1027 3078 1099 3131 bello
1119 3096 1160 3129 se·

101 3155 209 3210 velebant
222 3178 229 3209 r
243 3155 389 3223 Quinarii,
403 3156 478 3228 quod
488 3157 602 3228 quinos:
647 3155 737 3210 cundo
750 3158 855 3211 Punico
868 3170 1008 3212 asseveret.
1026 3182 1038 3205 ι
1052 3158 1161 3210 Sextan-

100 3231 238 3302 Sestertius,
248 3234 330 3309 quod
343 3236 534 3289 semistertius.
546 3238 603 3290 Du·
647 3238 723 3301 tarii,
737 3236 838 3309 inquit,
851 3254 919 3292 asses
935 3239 964 3291 iu
979 3255 1027 3289 usu
1039 3255 1094 3289 esse
1107 3254 1159 3289 cue-

100 3314 291 3383 pondiuseoim
315 3329 343 3369 et
362 3315 456 3381 semis,
475 3316 602 3387 antiquus
645 3329 766 3388 perurit,
797 3335 829 3370 ex
858 3336 890 3369 eo
918 3330 1056 3388 tempore,
1085 3315 1161 3387 quod

100 3395 218 3448 sestertius
237 3410 286 3449 est.
311 3422 324 3443 a
346 3395 499 3451 Sestertium
519 3416 601 3465 porro
646 3395 1005 3467 propterbellumPunicum
1013 3394 1161 3449 secundum

100 3470 144 3527 boc
162 3476 237 3528 Plinii
257 3478 323 3529 loco
344 3475 476 3545 intellige,
501 3474 547 3547 qui
567 3476 602 3530 sit
647 3474 822 3530 decreverunt
840 3477 945 3541 Patres,
959 3489 989 3529 ut
1012 3494 1045 3527 ex
1060 3476 1162 3529 assibus

99 3550 222 3624 iuquarto
235 3574 319 3621 casu,
331 3566 361 3607 ut
374 3565 482 3617 vocant,
498 3575 514 3609 a
527 3569 601 3609 recto
646 3556 693 3627 qui
707 3568 765 3609 tum
779 3569 855 3609 eraut
865 3556 982 3617 librarii,
991 3556 1088 3608 fierent
1102 3572 1161 3609 sex·

99 3638 217 3700 euterius,
232 3654 290 3689 nou
308 3654 326 3688 a
345 3647 443 3687 neutro
459 3639 602 3689 sestertium.
645 3636 826 3701 tantarii,etc.
841 3661 854 3685 s
870 3634 993 3706 Cosptum
1008 3653 1091 3705 porro
1103 3633 1162 3687 bel-

100 3712 179 3775 Quum
193 3716 264 3768 enirn
281 3712 403 3769 sestertia
415 3712 491 3767 audis
506 3728 602 3768 neutro
627 3715 702 3769 'lum
724 3716 856 3769 Punicum
881 3716 1000 3786 primum
1024 3732 1094 3767 uuuo
1116 3732 1161 3767 ur·

101 3808 184 3860 genere
200 3794 306 3861 sileni,
323 3794 429 3863 singula
446 3794 512 3847 scito
528 3795 601 3847 mille
645 3795 686 3847 bis
698 3804 761 3865 49⁰·
778 3793 867 3845 Hsao.

101 3874 215 3939 nummis,
241 3876 317 3937 sire,
345 3872 420 3945 quod
447 3872 518 3927 idem
545 3886 600 3937 est,
688 3894 734 3943 ²9·
752 3872 1031 3945 Sertautarr'opondere.
1044 3872 1102 3927 Hoc
1112 3885 1161 3937 est,

102 3950 164 4003 mille
177 3956 302 4007 sestertiis
317 3953 458 4017 aestimari,
471 3952 525 4006 boc
544 3966 598 4016 est.
646 3966 676 4009 ut
688 3954 785 4024 singuli
799 3966 886 4007 meent
896 3954 1022 4007 sextantis
1032 3951 1162 4024 pondere,

102 4046 200 4085 monetae
220 4034 324 4103 gallicae
347 4032 421 4085 libris
436 4046 542 4086 centum
554 4051 562 4086 .·
573 4045 602 4086 ut
645 4034 700 4087 sive
720 4033 836 4087 duarum
855 4032 1015 4087 unciarum:
1033 4033 1071 4085 sic
1089 4033 1161 4085 enim

101 4126 130 4161 es
144 4110 281 4167 Plutarcho
297 4112 488 4183 intelligimus,
506 4110 533 4165 in
551 4114 601 4169 Fa·
646 4132 661 4167 c
673 4114 741 4167 libra
751 4132 806 4169 arua
816 4113 872 4167 seni
882 4132 952 4167 asses
963 4110 1163 4177 conflabantur,
