2950 5000
344 487 415 536 sao
609 465 649 533 C.
676 463 850 533 PLINII
875 463 986 533 NAT.
1013 461 1146 530 HIST.

344 597 536 684 scrobibus,
557 594 632 665 flori
649 596 720 690 ejus
741 594 831 666 luteo
850 599 1010 666 miscente
1028 619 1063 664 se
1081 593 1162 689 ligni
1184 591 1271 688 pinei
1287 587 1383 660 sevila

344 702 475 772 Revera
491 715 604 772 autem
621 727 640 771 e
660 702 850 796 supradicto
870 702 907 771 lit
923 701 1047 796 lapide,
1063 713 1256 772 concretum
1272 713 1385 780 namra,

344 809 805 903 discretumque,etoptimum
814 811 847 878 in
854 811 1052 903 Cypriorum
1061 805 1386 898 officiniszcujusnotc

343 901 434 985 sunt³
449 915 535 984 friati
551 939 660 984 aureae
674 913 841 1000 scintilla,
862 931 895 984 et
916 939 1018 1009 quum
1035 927 1325 996 teratur,.arenosa
1341 931 1386 975 na·

342 1036 436 1104 tura,
458 1021 674 1108 susteneo,
696 1019 864 1091 chalcitidi
886 1020 1009 1090 similis.
1035 1024 1110 1088 Hoc
1136 1018 1328 1098 admiscent,
1343 1015 1387 1107 qui

345 1151 463 1196 aurum
481 1142 634 1221 purgant.
654 1125 788 1196 Utilitas
813 1132 883 1218 ejus
906 1127 1004 1197 infusi
1021 1151 1097 1194 curn
1120 1149 1256 1194 rosaceo
1276 1120 1388 1191 auribus

311 1265 325 1298 2
345 1232 553 1328 purulentis:
571 1234 656 1301 etin
676 1231 751 1302 lana
773 1235 934 1330 impositi,
957 1233 1075 1328 capitis
1094 1230 1293 1300 hulceribus.
1307 1231 1388 1296 Exte-

345 1354 425 1431 nuat
435 1341 535 1408 etiam
547 1339 717 1409 scabritias
730 1338 904 1410 oculorum
923 1341 1132 1408 inveteratas.
1143 1338 1309 1431 Praecipue
1325 1329 1389 1402 utile

344 1444 501 1528 tonsillis,
519 1459 703 1540 contraque
720 1449 882 1540 anginas,
901 1461 936 1515 et
955 1459 1147 1540 suppurata.
1167 1444 1280 1526 Ratio,
1298 1453 1332 1508 ut
1349 1463 1388 1507 se-

343 1551 451 1621 decim
470 1551 636 1620 drachmas
653 1553 687 1620 in
705 1550 839 1622 hemina
854 1553 938 1622 aceti
957 1565 1143 1646 coquantur
1166 1548 1278 1618 addito
1295 1544 1390 1626 melle,
1411 1545 1415 1554 '

345 1657 452 1727 donec
472 1656 713 1727 lentescat..Sic
732 1657 776 1726 ad
793 1657 981 1754 supradicta
1002 1656 1081 1726 utile
1095 1670 1155 1726 est.
1172 1657 1309 1744 Quoties
1321 1676 1390 1746 opus

345 1765 388 1833 sit
411 1762 532 1833 molliri
555 1765 622 1832 vim
650 1764 743 1856 ejus,
768 1764 833 1834 mel
856 1765 1076 1860 adspergitur.
1099 1761 1218 1832 Erudit
1239 1775 1272 1830 et
1291 1757 1390 1829 callum

345 1869 551 1957 fistularum,
579 1895 620 1939 en
649 1859 761 1939 ace10⁴
787 1871 1002 1940 foventium:
1031 1885 1066 1939 et
1096 1868 1240 1964 collyriis
1268 1865 1390 1937 additur.

344 1976 436 2045 Sistit
451 1993 485 2045 et
505 1977 714 2070 sanguinem,
732 1975 935 2072 hulceraque.
956 2001 1029 2072 quae
1050 1991 1201 2071 serpant,
1222 1967 1331 2069 quaeve
1345 1995 1391 2066 pu·

342 2096 498 2151 trescant.
518 2081 670 2151 Absumit
689 2097 723 2152 et
742 2098 969 2155 excrescentes
987 2107 1113 2153 carnes.
1134 2081 1340 2150 Peculiariter
1353 2078 1391 2143 ui·

343 2187 471 2257 tilitatis
487 2189 575 2258 vitiis
597 2187 703 2256 utile:
724 2189 975 2283 et'feminarum
995 2183 1197 2283 proflui’ium
1219 2189 1310 2256 sistit.

313 2325 325 2360 1
398 2296 546 2363 XXXII.
568 2296 678 2364 Graeci
698 2295 948 2389 cognationem¹
969 2296 1042 2364 aeris
1058 2295 1192 2363 nomine
1212 2293 1354 2362 fecerunt
1367 2301 1393 2357 et

344 2415 530 2470 atramento
551 2400 688 2470 sutorio.
719 2401 898 2496 Appellant
927 2403 1014 2470 enim
1046 2397 1312 2469 chalcanthum’.
1335 2397 1392 2465 Nec

343 2506 441 2577 ullius
458 2532 552 2602 aeque
570 2509 653 2575 mira
676 2519 795 2577 natura
817 2522 875 2577 est.
899 2510 949 2576 Fit
969 2510 1001 2577 in
1021 2509 1187 2601 Hispaniae
1213 2508 1320 2601 puteis
1341 2517 1392 2572 su·

344 2599 488 2707 gnisve³,
515 2613 549 2681 id
565 2638 669 2707 genus
690 2638 784 2708 aquae
801 2614 1013 2685 habentibus.
1037 2614 1245 2708 Decoquitur
1264 2598 1330 2696 ea⁴,
1345 2607 1393 2677 ad·

343 2721 444 2789 mixta
459 2718 547 2789 dulci
566 2719 638 2813 pari
653 2745 824 2805 mensura,
842 2735 876 2791 et
895 2722 929 2789 in
952 2721 1094 2815 piscinas
1112 2719 1238 2815 ligneas
1253 2716 1392 2789 funditur.

384 2893 410 2946 3.
438 2893 514 2957 Cuius
529 2904 593 2944 nota
608 2904 679 2959 sunt,
696 2905 747 2947 ete.
765 2893 854 2947 Diosc.
901 2894 1011 2958 aliare,
1026 2894 1079 2945 nisi
1095 2893 1170 2948 vocis
1189 2912 1258 2947 sono
1275 2890 1393 2947 connexis.

342 2974 393 3027 loc.
403 2972 448 3026 cit.
459 2973 527 3025 Minu
538 2968 567 3024 dl
577 2974 752 3042 παραληπτέον
764 2974 792 3025 sl
803 2976 855 3027 Kb·
943 2994 969 3027 s.
994 2974 1129 3045 Appellant
1153 2976 1216 3025 enim
1236 2973 1393 3026 damian.

341 3073 427 3124 reptos,
438 3051 596 3123 ypuoopsvic,
609 3054 722 3123 σκληρὸν,
733 3050 776 3105 ael
787 3055 854 3123 ἰντῷ
900 3052 1043 3107 Χάλκανθον
1061 3053 1168 3115 Nostri,
1183 3054 1217 3105 du
1233 3050 1393 3115 attrahatur

341 3138 487 3205 θραυσθῆναι
507 3132 632 3198 nocitos,
653 3132 696 3185 aad
720 3130 853 3193 inachim
899 3152 1033 3203 coeperest.
1048 3133 1083 3186 II.
1105 3164 1146 3176 -
1163 3132 1204 3187 Cf.
1220 3131 1255 3185 de
1269 3130 1394 3187 Calcantho

342 3208 499 3284 ἀςιροιιδῶς.
511 3232 522 3253 ·
532 3212 602 3283 Misy
612 3210 800 3264 assumendum
812 3230 857 3265 na·
899 3210 964 3266 Eae.
976 3214 1003 3265 II
1019 3211 1053 3265 ad
1064 3212 1162 3266 calcem
1173 3212 1232 3285 huj.
1240 3212 1288 3267 lib.
1301 3212 1348 3265 En.

342 3294 416 3346 tione
427 3290 578 3365 Cyprium,
598 3291 656 3343 auri
669 3291 784 3361 speciem
800 3310 856 3362 prae
941 3288 968 3342 3.
980 3290 1024 3343 Fit
1037 3304 1063 3343 et
1075 3295 1099 3343 in
1113 3292 1238 3363 Hispania
1252 3313 1265 3343 e
1273 3296 1395 3362 puteissu·

341 3391 370 3427 se
395 3374 497 3436 ferens,
525 3387 556 3422 ac
582 3369 694 3433 durum,
726 3369 856 3443 quodque
898 3366 1051 3441 grimmo
1064 3372 1140 3443 prius
1150 3361 1169 3439 )
1185 3372 1294 3425 Rectius
1308 3372 1334 3424 in
1353 3379 1393 3419 ret.

342 3450 407 3505 dum
420 3450 525 3513 friatur,
538 3450 624 3503 aureis
635 3450 714 3503 micet
722 3450 855 3517 scintillis,
898 3448 959 3504 cod.
966 3448 1004 3519 fit
1016 3455 1042 3504 in
1055 3451 1183 3521 Hispania
1190 3455 1272 3521 puteis
1283 3452 1392 3521 stagnim·

341 3550 373 3585 ac
383 3530 465 3586 stellas
475 3527 557 3582 modo
571 3528 744 3601 splendescat.
760 3555 771 3577 ι
786 3530 820 3583 H.
898 3528 1025 3583 Dare-
1041 3530 1092 3583 Fit.
1108 3532 1171 3585 Haec
1191 3530 1303 3585 totidem
1323 3527 1394 3581 verbis

383 3618 412 3675 4.
442 3610 485 3662 Es
504 3620 581 3663 aceto.
603 3608 640 3662 Iis
660 3609 707 3680 qui
727 3627 761 3662 ex
778 3622 854 3663 aceto
898 3608 961 3663 Isid.
982 3608 1073 3681 Origg.
1096 3610 1177 3674 XVI,
1203 3630 1230 3665 a.
1254 3610 1344 3681 Dispar
1359 3608 1394 3660 ali·

342 3690 444 3744 fistulas
459 3688 551 3741 fovent
561 3688 637 3759 misy.
651 3690 743 3742 Haau.
897 3703 1027 3761 quantum
1047 3687 1196 3743 Dioscorid.
1220 3691 1288 3743 ratio
1311 3701 1355 3749 est,
1366 3687 1394 3748 V,

382 3768 499 3822 XXXII.
523 3785 548 3819 a.
571 3767 656 3821 Groeei
678 3772 852 3837 cognationem.
904 3774 968 3833 ¹¹4·
989 3766 1079 3821 Hann.

344 3851 420 3903 Hauc
445 3846 562 3899 nominis
588 3845 759 3911 affinitatem,
782 3846 853 3901 idem
942 3856 967 3911 4.
985 3848 1135 3919 Decoquitur·
1151 3868 1189 3900 ea.
1208 3848 1323 3920 ideoque
1340 3848 1392 3915 ltll*

342 3928 405 3981 alibi
418 3926 591 3999 gentilitatem
610 3938 704 3980 vocat:
720 3930 798 3999 cujus
808 3946 853 3980 oc·
898 3926 1007 3992 dicitur,
1021 3928 1077 3981 aliis
1087 3928 1258 3999 prestantius
1273 3924 1305 3981 ad
1322 3927 1393 3997 nigru

342 4006 575 4070 rasione,utslias
591 4006 758 4073 monuimus,
771 4006 854 4061 dere·
899 4006 1044 4073 tincturas,
1064 4004 1099 4059 nd
1120 4025 1197 4060 usum
1218 4007 1348 4062 medicine
1362 4005 1393 4059 ia·

245 4100 247 4103 '
275 4142 279 4147 ,
342 4088 393 4141 bus
412 4086 465 4158 agit
489 4085 590 4157 alioqui
612 4084 777 4159 disparibus,
805 4105 854 4139 nec
900 4086 1019 4141 validius.
1033 4086 1121 4141 Diosc.
1135 4086 1204 4141 Dar..
