2950 5000
318 453 364 526 αν
600 456 639 524 c.
666 431 827 528 rursu
850 401 1114 562 usn-nisu.

320 613 402 663 num
421 601 564 683 utroque
577 589 757 683 digitorum
767 588 803 676 ¹⁰,
820 603 1031 686 spargantur.
1048 594 1269 666 Crassissimae
1282 619 1323 667 ex
1334 595 1389 668 bis

320 696 530 768 Prreuestinoe
553 710 737 783 vocantur,
754 697 936 766 etiamnum
956 700 1135 770 retinentes
1152 725 1297 790 nornen,
1314 705 1393 774 For·

319 816 409 872 tunae
426 803 577 872 inaurato
594 801 641 870 ibi
661 801 850 874 fidelissime
871 803 1059 876 simulacro.
1078 808 1235 877 Proxima
1257 808 1390 879 bractea

320 911 496 1003 questoria
511 906 706 1004 appellatur.
723 907 883 1004 Hispania
894 909 1035 1005 strigiles
1044 917 1223 984 voeatauri
1235 913 1390 1010 parvrrlas

320 1039 459 1102 massas,
480 1015 572 1110 quod
595 1039 697 1110 super
717 1017 829 1105 omnia
848 1015 955 1086 solum
976 1019 1010 1086 in
1030 1041 1139 1090 massa
1159 1036 1219 1092 aut
1235 1037 1388 1094 ramento

285 1149 302 1207 4
320 1124 459 1216 capitur.
475 1123 589 1211 Quum
608 1125 780 1194 caeteruin
792 1121 963 1194 metallis¹¹
978 1140 1109 1219 reperta
1126 1127 1195 1221 igni
1213 1127 1387 1222 perfician-

320 1242 386 1314 tur,
402 1225 497 1298 hoc¹²
518 1230 628 1300 statim
650 1251 769 1298 aurum
785 1243 851 1313 est,
865 1245 1198 1327 consummatamque
1214 1235 1389 1304 materiam

318 1337 471 1429 protinus
492 1335 610 1422 habet,
637 1359 741 1430 quum
762 1335 809 1404 ita
832 1337 1012 1406 iuvenitur.
1035 1340 1115 1408 llaec
1132 1340 1222 1410 euim
1239 1341 1390 1410 inventio

318 1441 390 1534 ejus
410 1439 569 1512 naturalis
589 1455 667 1510 est:
690 1440 755 1510 alia
775 1465 876 1536 quam
897 1442 1066 1531 dicemus,
1093 1461 1221 1515 coacta.
1248 1431 1387 1540 Super¹³

319 1563 440 1618 coetera
460 1573 528 1618 nou
548 1547 667 1642 rubigo
689 1545 775 1634 ulla,
797 1573 866 1618 uon
890 1573 1022 1643 aerugo,
1046 1574 1116 1620 nou
1141 1549 1231 1622 aliud
1254 1577 1298 1622 ex
1317 1554 1390 1648 ipso

284 1653 409 1748 squod
435 1668 610 1726 consumat
636 1653 839 1742 bonitatem,
861 1656 1031 1725 minuatve
1052 1656 1194 1750 pondre.
1212 1660 1288 1730 Jam
1305 1683 1388 1730 cou-

318 1775 370 1830 tra
401 1760 476 1830 salis
500 1775 534 1830 et
563 1760 647 1829 aceti
678 1785 796 1830 succos
817 1759 998 1831 domitores
1020 1785 1152 1849 rerum,
1176 1766 1387 1834 constantia:

301 1890 483 1961 ‚superque
514 1869 628 1936 omnia
654 1882 770 1951 netur,
796 1891 836 1936 ac
862 1869 985 1937 texitur
1005 1867 1090 1936 laute
1116 1869 1236 1956 modo,
1261 1885 1297 1940 et
1319 1873 1390 1940 sine

252 1995 255 2002 ⁴
318 1971 403 2042 lana.
434 1974 562 2044 Tunica
572 1961 596 2004 ¹⁴
624 1995 723 2040 aurea
746 1973 969 2067 triumphasse
996 1975 1211 2067 Tarquinium
1238 1977 1387 2047 Priscum

318 2081 456 2148 Verrius
472 2078 578 2149 docet.
592 2077 663 2148 Nos
681 2079 825 2148 vidimus
844 2067 1093 2174 Agrippinam¹⁵
1113 2080 1244 2150 Claudii
1266 2085 1389 2178 princi·

316 2186 384 2281 pis,
406 2185 524 2254 edente
557 2208 598 2253 eo
627 2183 754 2254 navalis
787 2184 890 2281 praelii
924 2184 1167 2314 spectaculum,
1188 2188 1389 2258 assidentem

316 2293 363 2380 ci,
384 2291 533 2362 indutam
559 2289 816 2386 paludamento,
838 2289 939 2360 auro¹
977 2291 1080 2362 textili
1103 2293 1173 2362 siue
1193 2292 1259 2364 alia
1281 2311 1388 2366 mate.-

315 2458 483 2511 bractearum
491 2455 651 2521 tenuissent
660 2453 704 2508 vix
712 2473 830 2525 o,00009
873 2441 962 2521 olim).
978 2455 1055 2509 Voss.
1074 2455 1176 2508 Verrius
1195 2455 1274 2510 docet.
1295 2456 1389 2513 Gaas.

317 2537 412 2609 millig.
424 2548 519 2608 aquet.
533 2536 586 2588 En.
916 2534 959 2587 15.
975 2536 1147 2606 Agrippinam.
1166 2536 1273 2607 Nempe
1291 2540 1389 2609 conju·

361 2637 402 2670 ro.
417 2618 567 2686 Quaternum
577 2626 678 2685 utroque
688 2612 829 2683 digitorum.
871 2630 931 2683 gem
943 2613 1057 2667 Nemnis
1068 2628 1190 2668 matrem.
1198 2614 1333 2670 Describit
1341 2618 1390 2671 bos

316 2696 424 2749 Mallem
446 2696 546 2765 legeres
559 2698 669 2767 utrinque
674 2732 683 2756 ,
700 2705 746 2747 aut
758 2706 830 2747 certe
872 2691 953 2745 ludos
965 2694 1033 2760 Dio,
1047 2695 1097 2747 Lx
1105 2732 1113 2755 ,
1127 2712 1189 2765 pag.
1205 2697 1261 2767 687
1275 2685 1328 2751 :fis
1340 2718 1388 2751 τινι

315 2789 432 2848 ueraque,
457 2793 535 2846 quam
559 2786 666 2845 utroque.
689 2772 773 2826 Pur.
789 2805 830 2815 -
872 2767 902 2824 dl
915 2776 989 2843 λίμνῃ
1004 2776 1144 2843 ναυμαχίαν
1164 2771 1316 2837 llllaidroe
1331 2778 1389 2830 lm·

318 2854 435 2927 Utroque.
454 2853 487 2907 In
503 2852 713 2925 longitudinem,
729 2864 756 2905 et
771 2852 829 2906 lati·
871 2852 965 2922 θύμασι
978 2860 1110 2911 ποιῆσαι...
1121 2857 1134 2907 d
1147 2849 1177 2906 dl
1192 2850 1226 2912 dh
1245 2852 1389 2923 Κλώδιος,

315 2935 447 2989 tudinem.
461 2931 552 2985 lirun.
676 2953 679 2961 ·
871 2932 884 2983 l
905 2951 933 2984 rr
951 2935 1034 3002 Νέρων
1052 2940 1221 3003 <parturisse
1242 2935 1386 2994 desituras·

358 3035 405 3069 ιι.
420 3013 537 3067 Metellis.
552 3013 585 3064 In
600 3008 701 3063 fodinis
715 3010 829 3064 metalli·
870 3010 916 3067 ἦτα
944 3002 1087 3083 Ᾰγριππίνα
1109 3010 1221 3082 χλαμὺὃι
1249 3009 1388 3088 διαχρυσίφ

313 3094 360 3149 cis.
377 3092 467 3147 Hsm.
873 3091 1010 3161 ἶκοσμνῑτο.
1022 3090 1306 3165 «Inpaludequadam
1317 3097 1389 3149 exbi-

358 3193 403 3227 sa.
419 3173 484 3224 Hos.
499 3172 565 3224 Auri
580 3168 716 3242 purissimi
728 3186 826 3240 grana,
870 3169 935 3223 bere
945 3172 1039 3223 navale
1047 3185 1182 3225 certamen
1198 3171 1328 3227 Claudius
1340 3194 1390 3229 cu·

265 3294 270 3304 .
312 3272 362 3309 ceu
378 3270 478 3319 arenas,
491 3252 518 3304 in
532 3248 629 3303 fodinis
645 3248 828 3319 reperiuntur.
871 3248 1121 3319 piabat...vestitum
1133 3270 1183 3304 suo
1193 3253 1307 3324 quisque
1317 3255 1388 3308 arbi·

315 3332 608 3388 ‹Granumiuveutum
624 3346 746 3381 esseron
759 3345 828 3380 mar·
871 3329 938 3394 tric,
959 3329 1100 3383 militarem
1120 3330 1247 3384 Claudius
1264 3346 1292 3386 et
1312 3334 1387 3387 llleru

311 3433 404 3469 carum
421 3410 526 3465 simul·
544 3420 688 3461 auctorest
701 3408 828 3462 Albertus
870 3409 1024 3479 gestabant,
1042 3409 1193 3481 Agrippina
1213 3412 1387 3485 chlamydem

311 3494 351 3547 Μ.
366 3494 385 3546 l.
405 3510 428 3545 c.
450 3488 484 3541 ll.
501 3519 541 3529 -
561 3488 629 3539 Auri
646 3487 728 3543 nativi
745 3505 828 3559 grana
871 3506 917 3541 seu
929 3486 1145 3558 paludamentum
1161 3508 1227 3543 suro
1242 3504 1355 3546 textum.
1371 3519 1383 3542 ι

311 3566 424 3646 (pepites)
439 3570 591 3621 etiamnunc
604 3578 743 3619 servantur
757 3566 827 3637 apud
915 3572 959 3623 16.
976 3571 1055 3622 Auru.
1069 3569 1128 3622 pfl,
1144 3570 1218 3623 tenui
1233 3568 1386 3626 deduceba-

311 3646 378 3717 ανον,Ι
389 3668 450 3722 quse
462 3648 543 3702 libras
556 3648 611 3701 lere
625 3644 737 3699 tricesim
751 3647 827 3703 binas
871 3657 917 3701 tur
930 3667 1043 3713 aurum,
1056 3665 1145 3719 eoque
1161 3662 1247 3703 vestes
1262 3654 1388 3707 texeban-

310 3730 439 3807 peudsmt.
456 3728 507 3781 En.
871 3737 927 3780 tur.
951 3726 1045 3781 Sidon.
1071 3728 1190 3799 Apolliu.
1218 3748 1300 3784 carru.
1333 3751 1387 3803 ss,

354 3810 400 3865 13.
415 3809 501 3880 Super.
519 3804 605 3860 Etiam
621 3823 705 3877 aqua,
721 3816 825 3860 terrare
869 3824 896 3859 v.
914 3825 968 3877 199
981 3825 989 3859 τ
1002 3830 1014 3853 c
1028 3808 1081 3859 Vel
1094 3809 1206 3861 stamine
1219 3809 1294 3865 fuleo
1312 3812 1386 3864 Pras·

310 3892 461 3965 sepultum,
472 3887 515 3940 vel
526 3885 647 3960 pluribus
657 3884 769 3951 seculis,
780 3904 825 3938 ru·
841 3941 845 3949 ,
868 3898 978 3957 guantes
991 3888 1042 3939 fusi
1056 3888 1189 3940 mollitum
1204 3906 1281 3942 nesse
1291 3892 1385 3945 metal-

309 3972 428 4044 biginem
443 3968 544 4021 nullam
557 3964 700 4019 contrabit.
711 3960 802 4015 llsun.
869 3964 936 4018 lum.
953 3990 964 4013 ι
982 3967 1023 4018 De
1036 3966 1179 4039 Elagabalo
1193 3968 1383 4039 Lampridius:
1407 3982 1417 3997 ·

353 4058 395 4115 ια.
403 4050 499 4101 Tunica
508 4065 582 4099 aurea
592 4045 748 4116 triumphasse
757 4046 823 4097 Tar·
868 4066 881 4088 ·
895 4044 1010 4099 Indutus
1034 4057 1073 4099 est
1096 4047 1171 4099 omni
1192 4066 1272 4103 aurea
1294 4050 1384 4104 tunica

308 4133 416 4208 quinium
427 4128 538 4181 Prisrruu
558 4126 659 4177 Verrius
680 4119 824 4187 studebis
870 4121 940 4187 (boc
959 4136 1010 4191 est,
1034 4137 1090 4179 tota
1108 4143 1204 4191 aurea,
1229 4140 1261 4181 ut
1286 4128 1382 4184 hro:
