2950 5000
312 406 383 495 did
580 411 619 478 C.
647 411 816 480 PLINII
841 409 953 480 Nat.
980 411 1109 479 HIST.

312 535 434 612 rotes'⁴
459 544 628 631 Taurisci,
660 524 730 614 nori
760 542 921 614 caelatoris
961 535 1105 628 illius⁸⁵,
1134 543 1189 612 sed
1211 541 1363 617 Tralliani.

311 651 441 744 Jupiter
454 647 625 744 hospitalis
634 637 659 676 ²⁶
671 648 836 746 Pamphili
851 647 1024 720 Praxitelis
1034 648 1195 744 discipuli.
1209 649 1326 719 Zethus
1337 664 1367 718 et

311 755 481 850 Amphion
490 755 513 795 ²⁷
530 780 570 827 ac
593 757 696 826 Dirce
721 771 757 826 et
780 770 912 840 taurus,
937 754 1172 851 vinculumque
1197 781 1239 825 ex
1263 755 1366 824 eodetn

311 851 463 956 lapide²⁸,
486 861 609 932 Rhodo
631 862 772 933 advecta
789 886 892 956 opera
909 860 1076 956 Apollonii
1093 876 1128 931 et
1145 863 1298 932 Taurisci.
1316 864 1367 930 Pa·

312 968 480 1037 rentum²⁹
508 969 530 1036 ii
555 981 724 1038 certamen
747 968 789 1036 de
812 993 846 1037 se
866 968 1003 1038 fecere:
1031 967 1255 1037 Menecrntcm
1278 967 1369 1036 videri

312 1117 340 1168 in
353 1114 418 1168 edit.
432 1116 568 1188 principe;
582 1115 698 1188 ideoque
712 1115 825 1170 delenda
869 1117 940 1185 Hinc
954 1117 1031 1169 Mnro
1050 1135 1056 1169 :
1076 1143 1087 1164 ι
1098 1117 1218 1188 Jupiter,
1233 1116 1372 1187 hospitibus

313 1213 369 1250 esse
382 1197 457 1248 Brot.
477 1196 612 1267 opinatur.
627 1198 680 1250 Eu.
870 1214 934 1248 nem
950 1208 976 1250 te
992 1193 1057 1249 dare
1070 1199 1132 1267 jura
1146 1195 1301 1267 loquuntur.
1314 1220 1324 1242 ι
1341 1195 1370 1247 ll.

356 1281 402 1338 ²4·
414 1275 576 1328 Hemeroter.
593 1276 637 1328 Sic
649 1276 713 1328 libri
722 1285 826 1329 omnes.
912 1293 961 1346 ap.
977 1276 1072 1328 Zethus
1084 1287 1110 1326 et
1123 1276 1255 1346 Amphion.
1266 1281 1335 1336 Zilat
1349 1287 1372 1327 et

313 1354 480 1408 Mercuriiet
492 1354 635 1426 Cupidinis
646 1355 728 1409 aimul
736 1358 828 1427 juncta
871 1347 972 1425 Ᾰμρίοον
994 1355 1105 1419 iratius,
1125 1373 1140 1406 a
1161 1356 1259 1427 quibua
1277 1353 1372 1408 'l'hehar

314 1437 343 1487 in
356 1453 412 1487 uno
422 1433 512 1505 lapide
524 1435 664 1488 simulacra
675 1453 727 1488 vox
741 1453 771 1488 eu
784 1453 828 1486 so·
871 1451 927 1487 esse
937 1433 1058 1488 conditas
1069 1447 1163 1488 auctor
1173 1449 1212 1488 eat
1224 1453 1255 1488 ea
1266 1435 1373 1488 llommn

314 1526 369 1566 nat.
385 1514 429 1566 Sic
453 1513 645 1578 Hermathma,
659 1510 695 1567 de
708 1518 762 1586 qne
777 1532 828 1567 nos
872 1513 984 1567 Pansan.
1000 1514 1126 1568 Corinth.
1137 1515 1185 1567 lib.
1197 1515 1239 1577 11,
1257 1515 1373 1584 pepon:

316 1593 395 1660 alibi,
407 1593 573 1647 Mercurium
585 1606 613 1648 et
624 1594 774 1646 Minervam
790 1594 830 1646 in·
876 1591 934 1644 ulli
947 1594 1045 1646 Dircen
1060 1593 1096 1647 sd
1105 1605 1212 1648 uorum
1223 1591 1376 1648 indomitum
1403 1593 1407 1608 '

316 1671 395 1730 dicut.
410 1674 443 1726 lu
457 1691 512 1726 uno
525 1671 616 1742 lapide
629 1672 681 1726 tria
694 1671 829 1726 interdum
865 1665 1013 1743 'deligatam
1034 1673 1088 1726 vita
1101 1673 1276 1744 privarunt,·
1298 1672 1375 1743 inquit

315 1752 429 1806 numina
437 1753 624 1822 copulatuesae
636 1751 829 1807 Philodamus
872 1753 972 1822 Hygin.
987 1752 1050 1806 Feb
1066 1771 1118 1806 ru.
1130 1749 1203 1806 Vide
1218 1766 1247 1804 et
1259 1751 1373 1817 Snidanr,

316 1832 404 1887 Panos
413 1831 829 1902 effigieepigrammateatatnr,in
872 1831 956 1884 verbo
974 1825 1106 1895 lousa,
1126 1843 1154 1898 et
1167 1831 1329 1902 Apollodor.
1347 1829 1376 1882 de

316 1912 465 1981 Autholog.
481 1911 530 1982 lin,
549 1910 601 1977 IV,
615 1929 673 1982 cup.
687 1929 721 1965 ts
735 1931 743 1963 ο
763 1919 832 1964 Φολο-
872 1911 943 1975 Diis,
955 1911 1003 1964 lib.
1013 1912 1138 1982 Ill,pog.
1151 1929 1217 1981 179,
1227 1923 1257 1965 et
1267 1912 1373 1981 Propet

317 1987 399 2060 δήμου
410 1992 443 2051 οἷς
458 1993 537 2059 ἔτορον
548 1991 652 2060 ἄγαλμα
662 1993 832 2062 ΠανόςΧριος
872 1991 920 2044 lib.
936 1992 995 2056 ΠΙ,
1007 1989 1074 2061 eleg.
1093 1991 1139 2044 13.
1155 1989 1298 2062 Hodieque
1309 1989 1334 2042 id
1345 1988 1375 2042 si·

318 2062 374 2132 rub<
389 2070 607 2139 ἀθονοίτοοςχονροῖ
616 2071 690 2130 λίθος·
705 2071 831 2140 autperti
872 2071 1019 2124 mulacrum
1034 2071 1129 2124 visitur
1138 2071 1167 2123 in
1179 2072 1283 2124 Palatio
1293 2069 1376 2122 Ferae

317 2149 365 2221 γὰρ
377 2151 473 2202 Martio
484 2157 579 2217 τρανῶς
590 2150 666 2202 Ποὶνο.
676 2150 718 2202 τὸν
734 2150 831 2219 alpina·
873 2149 974 2203 riorum
989 2169 998 2201 e
1013 2149 1088 2202 unde
1104 2162 1133 2202 et
1145 2149 1187 2202 illi
1205 2151 1376 2202 Rornanorum

253 2251 254 2254 ¹
318 2249 373 2298 ρων.
386 2231 480 2298 Στίρνο
493 2223 523 2281 di
538 2227 580 2280 aui
600 2223 691 2294 rodhe,
704 2219 830 2298 Mpaallm
873 2229 968 2299 vulgus
974 2245 1072 2282 nomen
1085 2227 1237 2282 indiditrll
1249 2231 1313 2281 Turn
1321 2228 1377 2280 Fae

316 2307 393 2360 λοιπὰ
406 2303 437 2360 <ll
450 2315 533 2378 μορῶν
546 2311 598 2360 Kal
616 2307 709 2379 κνήμης
722 2299 805 2380 Ερμῆς
818 2311 830 2362 ὃ
874 2327 944 2370 nere,
957 2308 1010 2361 hoc
1023 2321 1075 2374 est,
1086 2308 1194 2362 Taurus
1205 2309 1379 2362 Faruesianns.

318 2390 455 2458 πτορόπους
470 2388 566 2455 nazar.
585 2389 658 2440 Θὺοον
676 2388 770 2459 ἀρνήσῃ
780 2388 832 2451 ξονι
874 2387 1011 2441 thro-
1021 2389 1125 2440 Taurus.
1138 2387 1308 2458 stupendum
1319 2385 1377 2440 illud

319 2470 416 2539 punire.
428 2473 477 2521 Τοῦ
490 2466 537 2539 γὰρ
556 2467 606 2527 ἑνός
625 2486 664 2520 our
676 2470 795 2539 &inurat
810 2470 832 2522 ol
874 2467 938 2521 urtis
947 2479 1152 2521 munumentum
1164 2467 1377 2523 inreutnnertin

319 2547 413 2617 τροσοοὶ
421 2544 538 2617 δαίμονος
546 2547 833 2619 decipula-Nesper·
874 2548 999 2602 Thermis
1020 2546 1198 2601 Antonininn'
1228 2548 1280 2601 snb
1300 2546 1380 2618 punti-¹

319 2645 354 2679 ne
364 2627 436 2680 bunc
445 2624 562 2697 lapidem
571 2626 634 2679 :tris
646 2628 759 2681 numina
766 2646 833 2680 con·
874 2628 925 2681 doe
936 2628 1054 2679 maximo
1061 2628 1147 2681 Panlo
1157 2567 1213 2681 lli
1218 2628 1308 2693 Quum
1319 2626 1379 2679 mul·

319 2706 387 2765 tinet
397 2725 481 2761 unus:
492 2724 554 2758 narn
566 2706 623 2759 Pan
635 2707 776 2777 cornigero
786 2726 833 2761 na·
875 2707 944 2761 tisin
955 2706 1021 2759 locis
1031 2707 1239 2772 amfractum,
1250 2710 1322 2777 jussu
1332 2724 1379 2760 oar

319 2785 402 2837 scitur
412 2804 445 2839 ex
454 2784 551 2857 capite.
560 2786 683 2839 Herculis
692 2798 834 2857 estpectns
875 2784 972 2840 dinalia
987 2784 1105 2839 Farneaii
1119 2804 1136 2839 a
1153 2786 1261 2839 lunae
1277 2788 1379 2857 napos:

321 2862 417 2929 validi,
430 2882 491 2919 cum
503 2864 701 2937 reutrezquod
711 2866 782 2921 inira
794 2879 834 2921 est
875 2867 974 2919 blanco
995 2864 1192 2919 Mediolanensi
1216 2866 1379 2919 instauretur

320 2944 353 3003 In
361 2945 463 2997 lemore
476 2958 504 2997 et
515 2944 599 3009 suris,
609 2946 739 3018 penniger
752 2948 833 3000 Arcas
875 2958 922 2999 est.
933 2944 1008 2998 Licet
1017 2962 1081 2998 vero
1089 2944 1123 2999 sit
1134 2945 1380 3017 magnitudioeope

320 3022 409 3076 habet.
425 3024 478 3077 llic
491 3024 572 3094 igitur
582 3042 729 3095 numquam
741 3042 833 3095 parcus
875 3026 913 3079 ris
924 3024 1040 3089 mirum,
1051 3042 1107 3077 non
1118 3038 1262 3079 esttamen
1273 3024 1381 3078 absoluta

320 3100 443 3167 adolere,
456 3103 553 3155 Viator
565 3103 698 3156 zVictima
708 3122 771 3160 num
783 3118 834 3158 ter·
876 3104 940 3158 artis
951 3105 1111 3175 prestantia.
1122 3103 1217 3158 Bnor.

319 3183 477 3253 noaobligst
489 3200 542 3235 una
555 3180 759 3237 deos-Aliana
767 3183 833 3238 ller-
920 3185 966 3238 all.
981 3184 1025 3236 Er
1040 3182 1121 3235 adem
1134 3183 1228 3254 lupide.
1239 3182 1275 3237 ld
1287 3184 1379 3237 veroin

320 3264 398 3315 metis
420 3281 465 3315 seu
485 3262 614 3315 Mercurii
634 3265 726 3316 statuis
744 3266 832 3317 solum
876 3262 970 3333 primis
978 3262 1110 3332 singulare
1118 3262 1258 3335 est3quod
1268 3262 1382 3318 minabo

320 3354 401 3412 capnt
414 3342 562 3405 eminebat,
583 3342 718 3413 reliquum
735 3361 833 3414 corpus
876 3360 957 3413 opere
972 3342 1071 3415 pariter
1083 3341 1160 3395 Plato
1175 3341 1325 3398 demiratur
1337 3344 1380 3395 boc

320 3434 378 3474 erat
395 3420 465 3475 rude
478 3434 505 3473 et
519 3421 649 3487 insomne,
664 3434 692 3475 et
703 3422 762 3474 aine
774 3440 831 3475 ms·
875 3422 1017 3485 versiculo,
1032 3418 1142 3473 Antbul.
1157 3423 1211 3487 IV,
1228 3426 1265 3477 18
1284 3415 1340 3481 :Ele
1353 3422 1381 3473 li·

318 3499 407 3553 nibus.
421 3499 501 3553 Unde
511 3499 584 3571 npnd
593 3501 763 3565 iurnalem,
776 3503 830 3555 Sat.
875 3507 930 3565 θος,
941 3504 1010 3570 ἅρμ’,
1022 3503 1123 3571 ἐλατὴρ,
1137 3502 1224 3565 ἵπποι,
1237 3504 1379 3574 lupicini&

319 3580 444 3643 v111‚53
464 3602 470 3631 :
491 3606 503 3627 ι
515 3593 664 3652 truncoque
680 3581 831 3634 simillimus
876 3582 977 3652 μάστιξ.
995 3605 1006 3628 ι
1025 3579 1167 3651 Flagrurn,
1188 3580 1380 3652 commonui,
1439 3610 1441 3613 ·

319 3657 444 3722 bleranae,
457 3684 469 3708 ν
488 3658 522 3711 de
531 3659 610 3712 inerti
624 3658 732 3713 dicitur.
744 3658 777 3712 bl.
876 3661 996 3727 frenum,
1009 3662 1086 3731 juge,
1100 3660 1152 3723 vir,
1162 3659 1234 3730 lapis
1245 3678 1341 3714 unns.-
1351 3658 1380 3711 Η.

362 3736 410 3791 ab.
421 3736 551 3791 Coelotoris
560 3740 634 3792 illius.
647 3739 831 3810 Cyziceni‚de
875 3770 913 3785 -
926 3740 1020 3793 Eodem
1034 3740 1121 3809 lupr'de.
1135 3738 1267 3811 Longum
1282 3752 1319 3793 est
1333 3756 1380 3791 tna·

319 3835 374 3886 quo
388 3817 436 3871 lib.
453 3820 588 3883 xxxin,
602 3838 661 3890 cap.
674 3820 721 3872 55.
734 3821 770 3872 ll.
875 3820 976 3873 nimum
1000 3818 1067 3873 illud
1092 3818 1156 3871 ortis
1182 3830 1381 3873 munumina

361 3900 406 3949 οδ.
416 3897 514 3967 Jupiter
523 3900 657 3967 hospitalis.
668 3901 747 3961 Eiram
761 3900 830 3963 Ζοὺς,
875 3899 978 3971 palmos
990 3914 1053 3965 aaut
1068 3894 1179 3951 totidem
1192 3899 1279 3953 latum
1289 3918 1297 3965 ς
1308 3900 1380 3953 altu·

317 3973 392 4028 Juris
405 3977 571 4047 epithetum,
583 3977 657 4049 apud
672 3979 830 4044 Homerum,
874 3979 978 4049 palmos
990 3996 1071 4031 xvrtr.
1083 3978 1169 4031 baon.

317 4052 415 4125 Odyss.
428 4058 460 4121 ξ’,
474 4076 502 4123 r,
518 4057 588 4123 283,
600 4070 628 4112 et
641 4058 706 4112 alibi
717 4059 828 4130 passim.
917 4076 963 4128 ²9·
981 4060 1101 4112 Taurisci.
1116 4058 1270 4123 Pmoun,
1291 4073 1338 4113 etc.
1354 4058 1381 4109 ln
