2950 5000
336 449 404 546 ¹98
606 452 645 520 c.
672 448 974 520 rursusne.
1001 398 1130 515 uisu.

330 583 588 679 Dionysodorus
607 569 751 655 Critiae⁸¹
777 581 976 679 discipulus,
999 577 1172 669 Deliades‚
1191 580 1384 675 Euphorion,

330 692 500 778 Eunicus,
525 703 558 760 et
580 694 775 777 Hecataeus,
803 691 932 784 argenti
957 687 1146 773 caelatores;
1172 686 1338 756 Lesbocles
1346 673 1385 772 ⁸³,

332 796 521 882 Prodorus,
543 796 767 890 Pythodicus,
788 796 993 892 Polygnotus
1001 779 1043 861 ⁸³:
1060 793 1159 862 iidem
1182 795 1319 888 pictores
1334 817 1385 862 no

332 901 492 972 bilissimi.
516 888 640 972 Itcm⁸⁴
671 927 713 970 ex
736 901 944 973 caelatoribus
969 901 1197 984 Stratonicus,
1225 901 1386 994 Scymnus,

333 1009 392 1102 qui
413 1009 476 1077 fuit
496 1010 609 1078 Critias
628 1005 822 1103 discipulus.

281 1124 316 1178 36
386 1115 486 1183 Nunc
518 1110 722 1209 percensebo
754 1139 837 1197 eos,
874 1115 932 1209 qui
964 1111 1111 1206 ejusdem
1143 1113 1273 1207 generis
1302 1133 1388 1205 opera

333 1218 500 1304 serenant,
522 1235 561 1289 ut
575 1207 853 1314 Apollodorus⁸⁵,
873 1217 1105 1302 Androbulus,
1132 1217 1388 1312 Asclepiodorus,

332 1324 469 1413 Aleuas,
499 1325 716 1422 philosophos
727 1313 776 1394 ⁸⁶:
803 1326 934 1423 Apellas
954 1339 990 1394 et
1011 1325 1188 1414 adorantes
1209 1308 1388 1394 seminas⁸⁷t

333 1430 520 1526 Antigonus
551 1447 586 1501 et
606 1419 928 1527 Perisyomenon⁸⁸,
951 1429 1241 1526 tyrannicidasque
1255 1417 1281 1470 ⁸⁹
1305 1451 1391 1523 supra

374 1635 422 1686 81.
434 1634 529 1687 Critioe.
540 1636 639 1704 Kptriro
647 1627 753 1688 Ᾰττοιοῦ
764 1653 846 1707 opere
891 1635 951 1700 isto,
958 1632 993 1686 de
1000 1650 1054 1704 quo
1064 1633 1170 1697 Noster,
1178 1631 1307 1686 diversus.
1314 1628 1392 1682 linus.

333 1711 475 1766 laudantur
493 1732 507 1765 a
529 1713 657 1767 Pausania
670 1715 698 1766 in
719 1715 799 1768 strio.
820 1727 847 1768 et
933 1711 1393 1782 86.P1u1010pt0s.fli,inquir,pro

334 1789 416 1845 Eliac.
429 1805 497 1863 post.
512 1793 633 1863 Εὐφορίων
648 1797 672 1846 la
686 1795 848 1864 ποτηριογλὺ·
891 1791 962 1846 xime
977 1787 1123 1862 appellati,
1138 1791 1352 1862 philosophorum
1366 1789 1395 1840 si·

333 1885 401 1940 rep,
414 1871 443 1923 in
453 1873 615 1943 pomulorum
630 1873 781 1943 scalptore,
792 1874 849 1926 lau·
886 1873 1009 1925 'mulacra
1023 1872 1119 1924 iecere.
1141 1871 1222 1923 Juvat
1242 1889 1274 1922 ex
1294 1865 1394 1923 Sidonio

335 1949 414 2004 datur
434 1971 449 2004 u
472 1952 611 2006 Theocriti
633 1951 792 2017 Scholiaste,
809 1951 845 2006 ud
892 1951 1010 2016 discere,
1023 1969 1082 2024 quus
1091 1949 1176 2004 marus
1186 1953 1314 2021 cujusque
1323 1948 1396 2013 toret,

335 2028 416 2102 ldyll.
431 2032 473 2090 11,
495 2051 521 2084 v.
541 2051 552 2084 1
565 2052 574 2097 ς
587 2044 617 2084 ut
630 2032 653 2084 is
667 2051 722 2084 nou
735 2031 849 2085 caelsudi
892 2031 940 2084 lib.
950 2031 1079 2100 lX,ep.9
1094 2050 1100 2080 :
1117 2051 1128 2072 ι
1138 2029 1189 2082 Per
1198 2029 1330 2100 gymnasia
1340 2026 1395 2096 pin·

335 2108 418 2162 modo
431 2122 515 2163 artem
530 2111 719 2175 tenuisse,sed
730 2124 757 2164 et
771 2109 850 2164 tradi·
893 2123 992 2182 guntur
1020 2109 1225 2178 Areopagitica,
1245 2109 1288 2160 vel
1313 2109 1395 2175 Pryta-

336 2185 406 2242 ‹lisse
416 2187 450 2242 de
462 2209 492 2242 ea
502 2203 558 2242 arte
569 2201 703 2262 praecepta
716 2189 847 2243 videatur.
893 2209 991 2256 neum,
1009 2187 1176 2259 Speusippus
1189 2187 1294 2240 cervice
1308 2203 1393 2247 cuna,

335 2269 450 2334 Εὔνικος,
477 2259 614 2336 bursius,
638 2268 762 2323 noudum
787 2269 851 2322 alibi
895 2269 993 2322 Aratus
1014 2265 1117 2339 panda,
1134 2267 1225 2319 Zenon
1243 2267 1327 2345 fronte
1339 2283 1396 2318 non·

337 2367 353 2400 a
366 2349 443 2401 nobis
456 2350 566 2420 reperti.
583 2347 673 2398 Hssn.
894 2361 988 2411 tracta,
999 2347 1131 2418 Epicurus
1139 2360 1199 2399 cute
1208 2345 1331 2410 distenta,
1341 2344 1397 2396 Dio·

379 2429 425 2482 82.
439 2427 571 2481 laesbocles.
583 2425 735 2493 stadonis,
750 2425 852 2499 Hpo'du-
895 2427 1059 2500 genesbarba
1067 2439 1200 2490 comante,
1208 2427 1397 2480 Socratesooms

338 2526 377 2577 ρος
387 2542 396 2569 ,
406 2504 556 2574 l'lutddteor,
568 2509 669 2579 pariter
686 2509 804 2562 obscuri.
819 2510 851 2561 lu
894 2506 1038 2571 candente,
1060 2506 1216 2560 Aristoteles
1235 2506 1343 2560 brachio
1358 2521 1397 2556 ex·

337 2588 403 2658 neg.
419 2606 445 2653 s,
456 2588 605 2661 Pythodr'cur
616 2607 672 2641 non
679 2588 785 2659 legitur.
797 2590 852 2641 Ita·
895 2600 981 2650 serto,
999 2586 1161 2640 Xenocrates
1183 2604 1262 2639 crure
1282 2584 1398 2647 collecto,

338 2684 392 2737 que
415 2686 481 2721 num
505 2686 537 2719 ex
565 2667 672 2720 duobus
696 2668 852 2719 nominibus
896 2666 1044 2720 Heraclitus
1059 2664 1123 2718 fletu
1140 2664 1397 2729 oculisclausis,lle·

339 2745 450 2800 conflari
462 2745 570 2799 unicum
583 2758 718 2817 oporteat,
729 2744 853 2818 Pythodo-
897 2746 1026 2800 mocritus
1038 2746 1092 2798 risu
1105 2743 1186 2798 labris
1196 2746 1312 2816 apertis,
1322 2742 1398 2814 ctry-

340 2844 400 2889 rus,
419 2844 499 2897 quem
521 2826 679 2878 statuarium
692 2826 852 2879 Thebanum
896 2825 988 2897 cippus
1007 2822 1096 2895 digitis
1111 2838 1223 2895 propter
1235 2838 1399 2877 numerorum

338 2904 420 2957 fuisse
445 2904 585 2957 Pausanias
607 2903 746 2972 admonet,
767 2907 851 2959 Boeot.
896 2903 994 2959 indicia
1002 2904 1159 2967 constrictis,
1168 2903 1400 2975 Euclidesprupter

338 2982 395 3048 tx,
405 2984 520 3055 amplius
529 2981 765 3037 considerandum.
777 2984 811 3039 H.
897 3001 1079 3037 mensurarum
1093 2982 1175 3053 spatia
1189 2985 1300 3048 laxatis,
1314 2982 1398 3037 Cleen·

381 3062 427 3117 83.
441 3064 603 3135 Polygnotus.
612 3063 743 3127 Thasius,
753 3062 852 3135 Aglao·
897 3062 954 3115 thes
970 3074 1082 3134 propter
1097 3076 1242 3135 utrumque
1259 3062 1396 3119 corrosis·-

338 3141 441 3213 phonte
454 3156 545 3211 patre,
557 3156 587 3196 ut
596 3141 676 3195 docet
689 3143 852 3214 epigramma
938 3142 987 3212 87.
1004 3142 1108 3213 Apellae
1118 3155 1144 3193 et
1156 3143 1286 3196 adorantes
1293 3144 1397 3211 semim

340 3221 500 3289 Simonidis,
530 3223 644 3276 relatum
674 3242 690 3274 a
723 3222 851 3276 Pausania
896 3220 1070 3285 Hermolaus,
1093 3222 1193 3273 aululae
1217 3224 1399 3275 eruderantes:

339 3298 421 3354 Phoc.
433 3300 471 3364 X,
483 3320 544 3373 pag.
557 3304 625 3365 662,
636 3301 683 3353 ubi
699 3302 756 3372 ejus
771 3302 851 3355 etiam
895 3300 937 3353 vel
946 3300 1053 3373 plebeias
1063 3312 1086 3353 et
1097 3302 1236 3355 odorantes.
1247 3302 1323 3355 Voss.
1333 3298 1401 3369 Apel-

339 3380 482 3433 clarissima
494 3400 574 3451 opera
587 3394 733 3434 enumerat.
745 3382 781 3435 H.
895 3380 932 3432 lus
945 3380 988 3432 sed
1001 3380 1129 3432 adorantes
1143 3402 1167 3433 se
1179 3382 1295 3449 seminas.
1313 3380 1401 3441 Forte,

382 3460 428 3523 84.
449 3454 522 3512 Item.
543 3462 565 3513 E
585 3460 753 3514 celatoribus
771 3460 850 3525 item,
898 3484 910 3507 ι
928 3460 1035 3530 Apellae
1059 3458 1159 3513 Ledam
1183 3475 1208 3515 et
1233 3472 1357 3516 ornantes
1377 3474 1400 3511 te

340 3538 440 3611 iuquit,
449 3540 523 3594 fuere
533 3540 613 3593 simul
626 3540 741 3609 pictores
750 3538 851 3605 eximii,
895 3538 1016 3592 seminas.
1029 3566 1041 3586 ι
1052 3538 1145 3594 (isos.

340 3616 507 3672 Stratonicus
523 3634 549 3672 et
562 3620 702 3691 Scymnus.
720 3620 761 3671 De
780 3620 850 3673 Stre·
936 3618 980 3672 88.
992 3620 1194 3691 Perityomenou.
1205 3620 1245 3673 Ut
1252 3618 1400 3691 Polycletus.

339 3698 430 3749 touico
441 3697 557 3751 diximus
568 3699 726 3768 pauloante.
741 3700 850 3769 Σκύμνος
895 3698 1043 3769 Lysippus,
1056 3696 1187 3751 Daedalus.
1201 3701 1272 3753 Du..
1288 3730 1327 3740 -
1341 3698 1401 3749 Peri·

340 3774 429 3830 adhuc
441 3776 555 3849 ignotus.
573 3780 662 3831 Hsan.
899 3798 1040 3850 ryomemn.
1056 3778 1109 3845 Qui
1129 3798 1178 3850 per
1201 3779 1340 3832 circuitum
1362 3784 1400 3827 aut

381 3856 428 3911 85.
441 3857 476 3908 Ut
486 3858 667 3928 Apollodorus,
678 3870 729 3910 etc.
741 3848 855 3911 Ᾰπολλό-
898 3857 996 3923 comit,
1015 3870 1060 3910 aut
1080 3859 1179 3923 scabit,
1198 3858 1342 3931 extergitve
1359 3872 1398 3907 se:

339 3929 426 4005 depae,
442 3929 606 4007 dvdpo'tioutot
614 3976 623 4003 ,
637 3928 854 4008 Ᾰσκληπιόδωρος,
899 3951 929 3990 ut
943 3936 1122 4008 ἀποξυόμοοος,
1137 3936 1172 3991 de
1187 3957 1242 4011 quo
1256 3956 1346 4009 supra,
1360 3931 1400 4007 qul

339 4006 443 4077 Ᾱλοὺοις.
458 4016 498 4069 Ex
514 4016 556 4070 his
569 4008 664 4079 Ᾰλοὺοις
677 4014 749 4087 apud
763 4016 854 4071 Theo·
898 4014 1034 4087 distringit
1049 4036 1085 4079 ee.
1099 4016 1190 4071 litun.

234 4110 237 4113 ’
338 4094 435 4147 tritum
447 4097 572 4159 occurrit,
580 4096 658 4169 Idyll.
668 4096 748 4161 xvh
764 4094 809 4149 sed
821 4098 855 4151 ab
941 4094 1400 4171 89.Tyranuicidasque.llermodium
