2950 5000
445 463 607 533 thtltlt
633 464 842 535 xxxvrt.
1096 464 1178 555 643

96 596 272 670 deficiens.
289 582 487 667 Perluccnt⁶
503 611 615 666 autem
635 621 751 667 omnes
773 595 921 667 violaceo
941 597 1077 683 colore,
1101 601 1213 681 scal.

98 708 210 800 pturis
229 703 361 775 faciles:
382 703 506 773 indica
524 702 713 773 absolutum
734 700 838 773 felicis
860 728 1017 799 purpurae
1033 705 1181 779 colorent

97 813 253 881 habent:
279 810 321 880 ad
341 808 514 903 hancqua⁷
534 811 733 905 tingentium
759 808 902 879 officinae
928 810 1076 909 dirigunt
1092 829 1180 885 vota.

97 922 125 987 F
126 918 264 987 uudunt
281 929 393 987 autom
409 940 492 985 curn
506 930 645 1010 aspectu
670 914 788 987 leniter
811 915 993 987 blandum:
1017 944 1125 1014 neque
1146 923 1182 991 in

97 1023 239 1107 oculos,
268 1036 306 1092 ut
329 1021 542 1109 carbunculi,
563 1020 706 1091 vibrant
742 1020 893 1091 Alterum
916 1010 1048 1095 earum⁸
1078 1050 1183 1121 genus

96 1126 299 1201 descendit⁹
319 1128 362 1197 ad
378 1128 586 1221 hyacinthos.
608 1131 709 1199 Hunc
731 1126 879 1199 colorem
903 1130 978 1200 lodi
1001 1154 1103 1201 sacon
1128 1156 1184 1203 vo

97 1234 231 1322 cant¹⁰‚
255 1233 424 1328 talemque
441 1257 607 1331 gemmam
625 1233 819 1305 sacondion.
843 1234 991 1305 Dilutior
1013 1238 1127 1309 eadem
1149 1253 1184 1309 et

95 1366 248 1437 sapenos
263 1353 411 1411 vocatur.
425 1338 551 1410 Eadem
562 1340 820 1411 etPharauitis¹¹
836 1342 871 1411 in
884 1344 1093 1416 contermino
1106 1348 1184 1417 Ara

97 1450 183 1535 biae,
201 1448 310 1544 gentis
332 1448 476 1517 nomine
497 1448 665 1535 Quartum
685 1472 794 1543 genus
818 1446 964 1519 colorem
979 1450 1049 1519 vini
1069 1451 1179 1523 habes
1201 1478 1217 1533 3

97 1555 273 1644 Quintum
300 1551 343 1621 ad
362 1554 516 1623 viciniam
537 1551 682 1647 crystalli
702 1552 892 1639 descendit,
917 1553 1082 1625 albicante
1102 1582 1182 1652 pur·

98 1657 232 1755 puraa²'
248 1658 391 1729 defectu.
408 1662 482 1728 Hoc
499 1673 534 1728 et
554 1660 689 1727 minime
707 1660 881 1754 probatur,
898 1660 1034 1754 quando
1055 1662 1186 1757 praecel-

141 1821 174 1871 6.
189 1804 334 1881 Ponam,
346 1814 566 1871 etc.1sidor.loc.
578 1814 622 1869 cit.
667 1815 806 1871 emendari
826 1834 833 1869 :
854 1842 866 1864 ι
885 1816 1032 1891 Talemque
1054 1838 1184 1891 gemmam
1212 1869 1215 1888 ,

99 1894 335 1967 taff-scapua
339 1897 437 1964 faciles.
448 1894 624 1966 Amethystns
667 1895 811 1951 aacoudion
837 1892 1002 1951 dilatiorem.
1026 1898 1128 1953 Eadem
1158 1907 1191 1955 et'

98 1976 213 2041 indica,
230 1987 262 2028 ut
277 1993 370 2027 ornnes
385 1972 503 2045 ejusdem
520 1974 624 2045 generis
668 1975 788 2047 sapenos
803 1988 923 2041 vocatur,
940 1987 992 2029 etc.
1012 2002 1024 2023 ι
1045 1978 1115 2033 Nam
1129 1981 1187 2037 brec

98 2045 557 2127 (ceriadontelesiehemmmnnlli
568 2054 625 2108 lere
669 2054 704 2108 sd
719 2073 806 2127 genos
827 2055 969 2129 amethysti
989 2058 1125 2128 pertinere
1139 2080 1186 2114 ue·
1212 2090 1216 2101 ·

98 2132 623 2204 duritiecedit,prteterquamadsmanti.
667 2152 740 2188 cesse
753 2148 807 2200 est,
824 2132 845 2186 si
859 2134 895 2186 its
909 2135 1020 2207 legatur.
1033 2136 1088 2190 Ubi
1102 2138 1186 2208 igitur

99 2216 200 2281 Quum
221 2226 311 2266 antem
334 2214 431 2266 Noster
444 2238 456 2260 ι
472 2214 625 2266 absolutum
668 2214 741 2267 tertii
757 2213 861 2285 generis
874 2212 1091 2287 mentio,'qnum
1106 2236 1186 2289 quar·

99 2295 192 2348 felicis
216 2310 344 2364 purpurae
365 2292 482 2345 colorem
500 2292 620 2346 indica·
667 2294 1216 2367 tumquintumqueproximeaequaturl‘

99 2374 194 2435 dicat,
207 2372 363 2426 orientalem
373 2384 491 2425 nostram
503 2372 624 2444 amethy-
668 2372 762 2426 Haun.

100 2468 194 2520 uum,
208 2450 623 2525 amlthysteort'entslmertede·
712 2470 758 2506 rr.
790 2450 885 2504 Eadem
910 2462 936 2504 et
964 2452 1115 2511 Phoronide.
1141 2456 1186 2512 ste

100 2536 212 2606 signare
225 2532 325 2597 voluit,
338 2551 418 2604 qoam
441 2545 468 2584 et
486 2530 626 2603 gemmarii
668 2533 734 2603 Reg.
751 2551 781 2597 a,
796 2530 874 2585 Colb.
893 2531 926 2598 3,
940 2532 1054 2606 aliique,
1070 2555 1125 2589 non
1136 2557 1186 2608 pa·

100 2611 271 2668 recentiores
282 2612 362 2664 rariis
372 2611 460 2665 modis
471 2611 572 2665 imitari
581 2612 624 2665 rel
670 2615 775 2673 renites,
795 2623 824 2664 ot
847 2610 922 2665 editi.
943 2613 1047 2667 Pharan
1066 2615 1132 2671 urbs
1147 2629 1187 2672 est

101 2693 261 2748 adulterare
270 2704 413 2744 noverunt.
424 2692 477 2745 En.
670 2692 777 2744 Arabia
794 2691 867 2764 juxta
891 2690 1050 2759 Saracenos,
1074 2694 1109 2752 de
1134 2715 1186 2770 qna

145 2791 177 2844 7.
194 2771 241 2824 Aa
254 2772 369 2842 lamqm.
385 2769 424 2824 Ut
444 2772 472 2823 in
488 2771 548 2823 lana
564 2787 625 2842 que
669 2771 799 2824 Eusebius
826 2782 854 2823 et
881 2771 1062 2846 Hieronymus
1089 2793 1186 2830 consu·

101 2852 223 2922 tingitur
234 2869 361 2924 purpuras
375 2869 470 2914 succo,
484 2849 624 2923 amethysti
669 2849 761 2910 leodi,
776 2851 803 2902 in
820 2849 885 2903 locis
898 2851 1043 2908 llebraicis.
1053 2853 1136 2908 flauo

103 2932 187 2986 color
199 2931 312 2984 eluceat.
321 2928 386 2982 Vid.
395 2929 414 2981 l.
424 2931 464 2982 tx
472 2969 480 2994 ,
489 2949 511 2982 c.
529 2932 577 2982 62.
588 2929 623 2981 ll.
713 2949 757 2984 aa.
773 2929 901 3000 Purpura.
913 2929 1042 3002 Purpura
1053 2935 1143 2988 colore
1157 2933 1184 2988 in

145 3011 175 3064 8.
192 3010 305 3063 Alterum
318 3027 407 3061 earam.
422 3007 556 3074 laidonai,
569 3008 587 3061 l.
601 3027 624 3062 c.
669 3010 828 3064 albicantem
845 3007 992 3063 deficiente.
1013 3011 1049 3064 fl.
1060 3021 1105 3064 .-‡-
1123 3015 1186 3067 Pron·

104 3089 245 3164 Epiphan.
260 3107 287 3160 p.
302 3107 372 3157 ¹²9·
391 3087 426 3141 de
439 3106 482 3141 xtr
494 3088 625 3160 gemmis:
666 3109 737 3161 pare
750 3089 852 3157 desectis.
875 3087 919 3142 Sic
933 3089 1009 3143 MSS.
1029 3109 1109 3163 snpra
1128 3093 1186 3147 lau·

102 3162 185 3242 ὁμὶν
198 3171 278 3221 ὠῶν
286 3170 336 3229 len
347 3169 452 3239 lexivia
463 3173 562 3240 canapis
574 3186 627 3220 rru-
670 3168 726 3223 dati
741 3187 747 3221 :
762 3185 817 3224 non
830 3168 936 3237 dejectu,
951 3180 982 3221 ut
995 3169 1023 3222 in
1037 3169 1112 3226 libris
1126 3173 1187 3227 vnl-

103 3247 358 3322 pontianellum
582 3305 587 3314 ¹
669 3249 745 3322 gatis.
767 3245 901 3301 Sententia
925 3259 978 3312 est,
999 3249 1046 3302 ubi
1067 3269 1186 3323 purpura

149 3345 180 3399 9.
198 3327 337 3381 Descende.
351 3323 473 3380 Accedit.
488 3325 579 3380 liano.
670 3327 775 3392 delicit,
793 3325 821 3379 in
840 3327 968 3381 extremis
987 3327 1113 3384 videlicet
1132 3334 1187 3386 oris

153 3426 199 3462 ao.
219 3407 294 3459 Hane
305 3407 406 3458 colorem
418 3405 476 3458 Indi
484 3425 558 3457 sacen
580 3424 626 3458 no·
670 3408 786 3462 albicare
800 3423 940 3477 gemmam.
954 3405 1136 3479 Epiphanius,
1151 3411 1186 3464 de

105 3477 177 3542 ean't.
187 3484 306 3560 legend.
323 3508 335 3529 ι
345 3487 424 3538 Hunc
436 3486 553 3538 colorem
565 3484 627 3539 Indi
670 3506 712 3541 ιιι
722 3485 832 3558 gemmis
841 3525 849 3548 ‚
858 3505 887 3557 p.
897 3504 952 3554 sap
959 3503 967 3538 t
974 3488 1045 3549 atter
1055 3489 1185 3562 ἀμίθυςος.

106 3585 192 3624 sacon
213 3579 325 3630 vocant,
342 3567 477 3636 talemque
492 3583 625 3635 gemmam
670 3561 750 3628 οὗτος
770 3565 838 3619 κατὰ
860 3565 904 3622 ris
931 3568 1005 3619 ebt-oti
1034 3571 1186 3641 nsptplpsras

108 3643 258 3702 neoudion
282 3644 459 3708 dilatiorem,
484 3642 576 3698 eadem
601 3656 628 3697 et
670 3647 786 3718 ptoyltoa
807 3645 844 3706 tet
860 3645 997 3711 potiori
1018 3641 1048 3699 di
1065 3651 1127 3707 chri
1149 3653 1186 3712 ln

108 3726 264 3781 Pharanitis
277 3725 305 3780 in
318 3743 365 3779 ora
378 3724 544 3777 contermina
557 3743 627 3796 gen·
669 3727 815 3796 λιυκοτέρα,
826 3727 854 3778 ht
867 3729 909 3778 τοῦ
920 3728 996 3795 μέσου
1008 3719 1110 3781 alloicia
1122 3731 1187 3784 dno·

109 3809 146 3862 tis
164 3804 281 3859 Arabia.
296 3829 307 3852 n
325 3805 460 3858 Sanm-
471 3804 629 3856 Delemna·
671 3807 809 3873 alansone
826 3798 899 3865 aldor.
917 3825 928 3847 ι
939 3804 1187 3863 circumferentiam

108 3888 174 3941 deae.
185 3885 246 3938 Hoc
256 3883 364 3938 tertium
375 3883 516 3953 amethysti
527 3901 626 3955 genus,
671 3883 752 3938 babet
764 3882 900 3955 profundo
911 3901 959 3936 ceu
971 3883 1061 3938 colore
1072 3887 1187 3942 flamme

109 3965 248 4019 dilutioris
257 3963 338 4038 paulo
351 3964 455 4017 coloris.
469 3965 510 4015 Ex
522 3981 577 4034 quo
587 3964 628 4016 in·
672 3963 819 4018 ardentem.
831 3963 878 4016 Est
891 3975 979 4016 autem
989 3966 1065 4035 cujus
1074 3967 1188 4022 circum·

109 4046 216 4117 telligea
236 4059 376 4116 perperam
401 4042 475 4094 hunc
496 4043 586 4096 locum
613 4062 629 4096 a
673 4044 783 4098 ferentia
804 4042 914 4107 albicet,
930 4060 945 4094 e
962 4041 1053 4097 medio
1068 4046 1108 4100 atti
1127 4047 1187 4100 fun·

107 4123 248 4178 salmasio
267 4125 296 4176 in
318 4123 403 4176 Solita.
419 4140 479 4192 pag.
503 4123 576 4186 566,
592 4123 629 4178 sic
674 4121 1188 4180 densvinicolorem.·Etsihunclo-·
1302 4178 1306 4188 ,

992 4219 1055 4308 41,
