<?xml version="1.0" encoding="UTF-8"?>
<!DOCTYPE html PUBLIC "-//W3C//DTD XHTML 1.0 Transitional//EN"
    "http://www.w3.org/TR/xhtml1/DTD/xhtml1-transitional.dtd">
<html xmlns="http://www.w3.org/1999/xhtml" xml:lang="en" lang="en">
 <head>
  <title>
</title>
<meta http-equiv="Content-Type" content="text/html;charset=utf-8" />
  <meta name='ocr-system' content='tesseract 3.04.00' />
  <meta name='ocr-capabilities' content='ocr_page ocr_carea ocr_par ocr_line ocrx_word'/>
</head>
<body>
  <div class='ocr_page' id='page_1' title='image "./caiipliniisecun01plingoog_0497.png"; bbox 0 0 2950 5000; ppageno 0'>
   <div class='ocr_carea' id='block_1_1' title="bbox 299 449 1389 897">
    <p class='ocr_par' dir='ltr' id='par_1_1' title="bbox 333 449 1140 539">
     <span class='ocr_line' id='line_1_1' title="bbox 333 449 1140 539; baseline -0.007 -15"><span class='ocrx_word' id='word_1_1' title='bbox 333 456 403 539; x_wconf 69' lang='lat'>482</span> <span class='ocrx_word' id='word_1_2' title='bbox 612 453 651 520; x_wconf 90' lang='lat' dir='ltr'>C.</span> <span class='ocrx_word' id='word_1_3' title='bbox 676 449 848 520; x_wconf 86' lang='lat' dir='ltr'>PLlNlI</span> <span class='ocrx_word' id='word_1_4' title='bbox 874 451 984 521; x_wconf 86' lang='grc' dir='ltr'><strong>ΝΑΤ.</strong></span> <span class='ocrx_word' id='word_1_5' title='bbox 1012 451 1140 520; x_wconf 90' lang='lat' dir='ltr'>HIST.</span> 
     </span>
    </p>

    <p class='ocr_par' dir='ltr' id='par_1_2' title="bbox 299 579 1387 788">
     <span class='ocr_line' id='line_1_2' title="bbox 331 579 1385 685; baseline -0.011 -24"><span class='ocrx_word' id='word_1_6' title='bbox 331 601 547 685; x_wconf 81' lang='lat' dir='ltr'>augesceret:</span> <span class='ocrx_word' id='word_1_7' title='bbox 563 583 665 678; x_wconf 86' lang='lat' dir='ltr'>digna</span> <span class='ocrx_word' id='word_1_8' title='bbox 687 581 824 675; x_wconf 85' lang='lat' dir='ltr'>cognitu</span> <span class='ocrx_word' id='word_1_9' title='bbox 843 606 895 652; x_wconf 86' lang='lat' dir='ltr'>res</span> <span class='ocrx_word' id='word_1_10' title='bbox 914 597 948 651; x_wconf 91' lang='lat' dir='ltr'>et</span> <span class='ocrx_word' id='word_1_11' title='bbox 967 583 1102 676; x_wconf 88' lang='lat' dir='ltr'>ingenio</span> <span class='ocrx_word' id='word_1_12' title='bbox 1121 580 1258 651; x_wconf 81' lang='lat' dir='ltr'>secundo</span> <span class='ocrx_word' id='word_1_13' title='bbox 1271 579 1385 650; x_wconf 86' lang='lat' dir='ltr'>matbe-</span> 
     </span>
     <span class='ocr_line' id='line_1_3' title="bbox 299 686 1387 788; baseline -0.013 -21"><span class='ocrx_word' id='word_1_14' title='bbox 299 721 313 753; x_wconf 83' lang='lat'>²</span> <span class='ocrx_word' id='word_1_15' title='bbox 333 695 474 766; x_wconf 72' lang='lat' dir='ltr'>moticil.</span> <span class='ocrx_word' id='word_1_16' title='bbox 489 693 586 788; x_wconf 83' lang='lat' dir='ltr'><strong>Apici</strong></span> <span class='ocrx_word' id='word_1_17' title='bbox 605 702 755 758; x_wconf 76' lang='lat' dir='ltr'>aumtam</span> <span class='ocrx_word' id='word_1_18' title='bbox 778 686 880 782; x_wconf 78' lang='lat' dir='ltr'>pilum</span> <span class='ocrx_word' id='word_1_19' title='bbox 901 686 1071 776; x_wconf 80' lang='lat' dir='ltr'>addidit¹⁰,</span> <span class='ocrx_word' id='word_1_20' title='bbox 1087 691 1182 783; x_wconf 89' lang='lat' dir='ltr'>cujus</span> <span class='ocrx_word' id='word_1_21' title='bbox 1197 687 1304 757; x_wconf 86' lang='lat' dir='ltr'>umbra</span> <span class='ocrx_word' id='word_1_22' title='bbox 1318 711 1387 754; x_wconf 80' lang='lat' dir='ltr'>ver·</span> 
     </span>
    </p>

    <p class='ocr_par' dir='ltr' id='par_1_3' title="bbox 335 791 1389 897">
     <span class='ocr_line' id='line_1_4' title="bbox 335 791 1389 897; baseline -0.011 -25"><span class='ocrx_word' id='word_1_23' title='bbox 335 805 400 872; x_wconf 90' lang='lat' dir='ltr'>tice</span> <span class='ocrx_word' id='word_1_24' title='bbox 414 800 629 897; x_wconf 79' lang='lat' dir='ltr'>colligeretur</span> <span class='ocrx_word' id='word_1_25' title='bbox 642 797 677 863; x_wconf 90' lang='lat' dir='ltr'>in</span> <span class='ocrx_word' id='word_1_26' title='bbox 689 791 837 888; x_wconf 82' lang='lat' dir='ltr'>scipsa¹¹‚</span> <span class='ocrx_word' id='word_1_27' title='bbox 847 794 927 864; x_wconf 83' lang='lat' dir='ltr'>alias</span> <span class='ocrx_word' id='word_1_28' title='bbox 937 795 1119 864; x_wconf 76' lang='lat' dir='ltr'>enormiter</span> <span class='ocrx_word' id='word_1_29' title='bbox 1125 793 1286 889; x_wconf 86' lang='lat' dir='ltr'>jaculante</span> <span class='ocrx_word' id='word_1_30' title='bbox 1294 794 1389 887; x_wconf 81' lang='lat' dir='ltr'>apice,</span> 
     </span>
    </p>
   </div>
   <div class='ocr_carea' id='block_1_2' title="bbox 248 1006 1443 4185">
    <p class='ocr_par' dir='ltr' id='par_1_4' title="bbox 248 1006 1443 4185">
     <span class='ocr_line' id='line_1_5' title="bbox 333 1006 1390 1082; baseline -0.012 -11"><span class='ocrx_word' id='word_1_31' title='bbox 333 1016 439 1070; x_wconf 83' lang='lat' dir='ltr'>dierunt</span> <span class='ocrx_word' id='word_1_32' title='bbox 457 1031 489 1068; x_wconf 76' lang='lat' dir='ltr'>ec</span> <span class='ocrx_word' id='word_1_33' title='bbox 511 1009 640 1065; x_wconf 80' lang='lat' dir='ltr'>noctium.</span> <span class='ocrx_word' id='word_1_34' title='bbox 653 1007 759 1060; x_wconf 77' lang='lat' dir='ltr'>Umbra</span> <span class='ocrx_word' id='word_1_35' title='bbox 780 1006 851 1060; x_wconf 87' lang='lat' dir='ltr'>enim</span> <span class='ocrx_word' id='word_1_36' title='bbox 896 1035 909 1058; x_wconf 79' lang='grc' dir='ltr'>ι</span> <span class='ocrx_word' id='word_1_37' title='bbox 921 1009 1029 1082; x_wconf 83' lang='lat' dir='ltr'>ingenio</span> <span class='ocrx_word' id='word_1_38' title='bbox 1041 1006 1167 1062; x_wconf 80' lang='lat' dir='ltr'>fecundo.</span> <span class='ocrx_word' id='word_1_39' title='bbox 1175 1007 1295 1062; x_wconf 75' lang='lat' dir='ltr'>Manilius</span> <span class='ocrx_word' id='word_1_40' title='bbox 1302 1007 1390 1059; x_wconf 78' lang='lat' dir='ltr'>matbe-</span> 
     </span>
     <span class='ocr_line' id='line_1_6' title="bbox 333 1084 1270 1160; baseline -0.011 -10"><span class='ocrx_word' id='word_1_41' title='bbox 333 1094 444 1150; x_wconf 87' lang='lat' dir='ltr'>obelisci</span> <span class='ocrx_word' id='word_1_42' title='bbox 457 1094 485 1145; x_wconf 90' lang='lat' dir='ltr'>in</span> <span class='ocrx_word' id='word_1_43' title='bbox 502 1107 586 1144; x_wconf 87' lang='lat' dir='ltr'>unum</span> <span class='ocrx_word' id='word_1_44' title='bbox 599 1088 707 1141; x_wconf 87' lang='lat' dir='ltr'>illorum</span> <span class='ocrx_word' id='word_1_45' title='bbox 721 1084 853 1150; x_wconf 82' lang='lat' dir='ltr'>incidens,</span> <span class='ocrx_word' id='word_1_46' title='bbox 895 1090 1008 1142; x_wconf 81' lang='lat' dir='ltr'>maticus</span> <span class='ocrx_word' id='word_1_47' title='bbox 1020 1089 1107 1160; x_wconf 86' lang='lat' dir='ltr'>apici,</span> <span class='ocrx_word' id='word_1_48' title='bbox 1124 1101 1175 1142; x_wconf 86' lang='lat' dir='ltr'>etc.</span> <span class='ocrx_word' id='word_1_49' title='bbox 1194 1115 1205 1135; x_wconf 84' lang='grc' dir='ltr'>ι</span> <span class='ocrx_word' id='word_1_50' title='bbox 1220 1088 1270 1140; x_wconf 82' lang='grc' dir='ltr'>Ειι.</span> 
     </span>
     <span class='ocr_line' id='line_1_7' title="bbox 333 1166 1388 1240; baseline -0.012 -10"><span class='ocrx_word' id='word_1_51' title='bbox 333 1171 490 1230; x_wconf 73' lang='lat' dir='ltr'>ostendebat</span> <span class='ocrx_word' id='word_1_52' title='bbox 505 1171 650 1232; x_wconf 83' lang='lat' dir='ltr'>horarum,</span> <span class='ocrx_word' id='word_1_53' title='bbox 663 1167 740 1219; x_wconf 80' lang='lat' dir='ltr'>verbi</span> <span class='ocrx_word' id='word_1_54' title='bbox 754 1166 853 1238; x_wconf 78' lang='lat' dir='ltr'>gratie,</span> <span class='ocrx_word' id='word_1_55' title='bbox 939 1188 980 1223; x_wconf 86' lang='lat' dir='ltr'>ro.</span> <span class='ocrx_word' id='word_1_56' title='bbox 997 1169 1074 1240; x_wconf 84' lang='lat' dir='ltr'>Apici</span> <span class='ocrx_word' id='word_1_57' title='bbox 1085 1169 1285 1238; x_wconf 70' lang='lat' dir='ltr'>contemptim</span> <span class='ocrx_word' id='word_1_58' title='bbox 1297 1166 1388 1218; x_wconf 73' lang='lat' dir='ltr'>addidit.</span> 
     </span>
     <span class='ocr_line' id='line_1_8' title="bbox 333 1244 1394 1328; baseline -0.002 -28"><span class='ocrx_word' id='word_1_59' title='bbox 333 1253 489 1328; x_wconf 71' lang='lat' dir='ltr'>quindecim</span> <span class='ocrx_word' id='word_1_60' title='bbox 508 1248 581 1302; x_wconf 82' lang='lat' dir='ltr'>diem</span> <span class='ocrx_word' id='word_1_61' title='bbox 602 1265 674 1311; x_wconf 84' lang='lat' dir='ltr'>esse,</span> <span class='ocrx_word' id='word_1_62' title='bbox 701 1263 853 1317; x_wconf 80' lang='lat' dir='ltr'>nouemque</span> <span class='ocrx_word' id='word_1_63' title='bbox 896 1249 1020 1314; x_wconf 83' lang='lat' dir='ltr'>Quonam</span> <span class='ocrx_word' id='word_1_64' title='bbox 1034 1245 1115 1302; x_wconf 86' lang='lat' dir='ltr'>modo</span> <span class='ocrx_word' id='word_1_65' title='bbox 1126 1247 1154 1301; x_wconf 89' lang='lat' dir='ltr'>id</span> <span class='ocrx_word' id='word_1_66' title='bbox 1168 1247 1203 1301; x_wconf 84' lang='lat' dir='ltr'>sit</span> <span class='ocrx_word' id='word_1_67' title='bbox 1215 1246 1315 1301; x_wconf 86' lang='lat' dir='ltr'>molitus</span> <span class='ocrx_word' id='word_1_68' title='bbox 1324 1244 1394 1298; x_wconf 84' lang='lat' dir='ltr'>dubi·</span> 
     </span>
     <span class='ocr_line' id='line_1_9' title="bbox 332 1326 1393 1399; baseline -0.013 -10"><span class='ocrx_word' id='word_1_69' title='bbox 332 1347 450 1389; x_wconf 87' lang='lat' dir='ltr'>noctem.</span> <span class='ocrx_word' id='word_1_70' title='bbox 477 1329 568 1382; x_wconf 67' lang='lat' dir='ltr'>Linea</span> <span class='ocrx_word' id='word_1_71' title='bbox 589 1344 672 1391; x_wconf 84' lang='lat' dir='ltr'>vero,</span> <span class='ocrx_word' id='word_1_72' title='bbox 693 1341 753 1395; x_wconf 71' lang='lat' dir='ltr'>qua</span> <span class='ocrx_word' id='word_1_73' title='bbox 776 1341 853 1378; x_wconf 85' lang='lat' dir='ltr'>arcus</span> <span class='ocrx_word' id='word_1_74' title='bbox 896 1330 1019 1381; x_wconf 79' lang='lat' dir='ltr'>tant.An</span> <span class='ocrx_word' id='word_1_75' title='bbox 1038 1328 1119 1399; x_wconf 86' lang='lat' dir='ltr'>pilam</span> <span class='ocrx_word' id='word_1_76' title='bbox 1137 1327 1176 1381; x_wconf 83' lang='lat' dir='ltr'>sic</span> <span class='ocrx_word' id='word_1_77' title='bbox 1192 1326 1354 1399; x_wconf 79' lang='lat' dir='ltr'>imposuerit,</span> <span class='ocrx_word' id='word_1_78' title='bbox 1369 1338 1393 1376; x_wconf 88' lang='lat' dir='ltr'>nt</span> 
     </span>
     <span class='ocr_line' id='line_1_10' title="bbox 333 1401 1394 1484; baseline -0.022 -16"><span class='ocrx_word' id='word_1_79' title='bbox 333 1418 398 1468; x_wconf 86' lang='lat' dir='ltr'>istos</span> <span class='ocrx_word' id='word_1_80' title='bbox 418 1409 626 1468; x_wconf 70' lang='lat' dir='ltr'>internecabant,</span> <span class='ocrx_word' id='word_1_81' title='bbox 639 1409 717 1458; x_wconf 81' lang='lat' dir='ltr'>situm</span> <span class='ocrx_word' id='word_1_82' title='bbox 733 1415 760 1456; x_wconf 84' lang='lat' dir='ltr'>et</span> <span class='ocrx_word' id='word_1_83' title='bbox 779 1401 853 1456; x_wconf 88' lang='lat' dir='ltr'>ordi·</span> <span class='ocrx_word' id='word_1_84' title='bbox 895 1419 1009 1484; x_wconf 67' lang='lat' dir='ltr'>exstaret</span> <span class='ocrx_word' id='word_1_85' title='bbox 1026 1419 1080 1460; x_wconf 86' lang='lat' dir='ltr'>tuta</span> <span class='ocrx_word' id='word_1_86' title='bbox 1101 1407 1214 1460; x_wconf 88' lang='lat' dir='ltr'>humani</span> <span class='ocrx_word' id='word_1_87' title='bbox 1229 1407 1313 1477; x_wconf 74' lang='lat' dir='ltr'>capitis</span> <span class='ocrx_word' id='word_1_88' title='bbox 1331 1405 1394 1458; x_wconf 61' lang='lat' dir='ltr'>simi.</span> 
     </span>
     <span class='ocr_line' id='line_1_11' title="bbox 333 1483 1393 1555; baseline -0.011 -7"><span class='ocrx_word' id='word_1_89' title='bbox 333 1513 395 1548; x_wconf 91' lang='lat' dir='ltr'>nem</span> <span class='ocrx_word' id='word_1_90' title='bbox 418 1493 547 1544; x_wconf 86' lang='lat' dir='ltr'>horarum</span> <span class='ocrx_word' id='word_1_91' title='bbox 570 1484 738 1555; x_wconf 83' lang='lat' dir='ltr'>antiquarum</span> <span class='ocrx_word' id='word_1_92' title='bbox 766 1483 854 1554; x_wconf 83' lang='lat' dir='ltr'>sigua·</span> <span class='ocrx_word' id='word_1_93' title='bbox 895 1485 1393 1553; x_wconf 75' lang='lat' dir='ltr'>litudinezaninseverit,etdemissam</span> 
     </span>
     <span class='ocr_line' id='line_1_12' title="bbox 332 1562 1394 1638; baseline -0.013 -10"><span class='ocrx_word' id='word_1_94' title='bbox 332 1576 399 1628; x_wconf 84' lang='lat' dir='ltr'>bant</span> <span class='ocrx_word' id='word_1_95' title='bbox 413 1590 420 1624; x_wconf 90' lang='lat'>:</span> <span class='ocrx_word' id='word_1_96' title='bbox 434 1571 470 1623; x_wconf 90' lang='lat' dir='ltr'>ita</span> <span class='ocrx_word' id='word_1_97' title='bbox 483 1580 514 1620; x_wconf 91' lang='lat' dir='ltr'>ut</span> <span class='ocrx_word' id='word_1_98' title='bbox 524 1567 590 1619; x_wconf 85' lang='lat' dir='ltr'>bora</span> <span class='ocrx_word' id='word_1_99' title='bbox 608 1563 694 1635; x_wconf 83' lang='lat' dir='ltr'>prima</span> <span class='ocrx_word' id='word_1_100' title='bbox 707 1562 855 1632; x_wconf 74' lang='lat' dir='ltr'>appellere·</span> <span class='ocrx_word' id='word_1_101' title='bbox 895 1565 1035 1636; x_wconf 86' lang='lat' dir='ltr'>exsculpto</span> <span class='ocrx_word' id='word_1_102' title='bbox 1055 1564 1160 1635; x_wconf 87' lang='lat' dir='ltr'>lapide,</span> <span class='ocrx_word' id='word_1_103' title='bbox 1175 1565 1337 1638; x_wconf 82' lang='lat' dir='ltr'>conjunxerit</span> <span class='ocrx_word' id='word_1_104' title='bbox 1349 1585 1356 1614; x_wconf 91' lang='lat'>:</span> <span class='ocrx_word' id='word_1_105' title='bbox 1367 1583 1394 1615; x_wconf 83' lang='lat' dir='ltr'>m</span> 
     </span>
     <span class='ocr_line' id='line_1_13' title="bbox 248 1641 1396 1722; baseline -0.012 -15"><span class='ocrx_word' id='word_1_106' title='bbox 248 1709 250 1712; x_wconf 65' lang='grc'>,</span> <span class='ocrx_word' id='word_1_107' title='bbox 333 1669 379 1708; x_wconf 90' lang='lat' dir='ltr'>tur</span> <span class='ocrx_word' id='word_1_108' title='bbox 401 1669 432 1705; x_wconf 86' lang='lat' dir='ltr'>ea</span> <span class='ocrx_word' id='word_1_109' title='bbox 453 1641 512 1722; x_wconf 67' lang='lat' dir='ltr'>iguo</span> <span class='ocrx_word' id='word_1_110' title='bbox 533 1645 596 1699; x_wconf 86' lang='lat' dir='ltr'>solis</span> <span class='ocrx_word' id='word_1_111' title='bbox 620 1653 708 1695; x_wconf 88' lang='lat' dir='ltr'>ortum</span> <span class='ocrx_word' id='word_1_112' title='bbox 729 1641 852 1710; x_wconf 84' lang='lat' dir='ltr'>proxime</span> <span class='ocrx_word' id='word_1_113' title='bbox 896 1642 1030 1716; x_wconf 76' lang='lat' dir='ltr'>delapide</span> <span class='ocrx_word' id='word_1_114' title='bbox 1044 1643 1204 1710; x_wconf 73' lang='lat' dir='ltr'>resecuerit,</span> <span class='ocrx_word' id='word_1_115' title='bbox 1218 1657 1336 1717; x_wconf 78' lang='lat' dir='ltr'>quantum</span> <span class='ocrx_word' id='word_1_116' title='bbox 1348 1643 1396 1695; x_wconf 83' lang='lat' dir='ltr'>alti·</span> 
     </span>
     <span class='ocr_line' id='line_1_14' title="bbox 334 1719 1396 1805; baseline -0.01 -21"><span class='ocrx_word' id='word_1_117' title='bbox 334 1743 503 1805; x_wconf 78' lang='lat' dir='ltr'>requeretnr3</span> <span class='ocrx_word' id='word_1_118' title='bbox 523 1737 607 1786; x_wconf 83' lang='lat' dir='ltr'>serta,</span> <span class='ocrx_word' id='word_1_119' title='bbox 641 1738 702 1793; x_wconf 71' lang='lat' dir='ltr'>qun</span> <span class='ocrx_word' id='word_1_120' title='bbox 730 1719 851 1774; x_wconf 83' lang='lat' dir='ltr'>medium</span> <span class='ocrx_word' id='word_1_121' title='bbox 896 1723 964 1777; x_wconf 87' lang='lat' dir='ltr'>tndo</span> <span class='ocrx_word' id='word_1_122' title='bbox 979 1725 1040 1794; x_wconf 74' lang='lat' dir='ltr'>pilu</span> <span class='ocrx_word' id='word_1_123' title='bbox 1054 1721 1342 1796; x_wconf 76' lang='lat' dir='ltr'>luitadditure:qnod</span> <span class='ocrx_word' id='word_1_124' title='bbox 1354 1721 1396 1774; x_wconf 89' lang='grc' dir='ltr'>ιιιί-</span> 
     </span>
     <span class='ocr_line' id='line_1_15' title="bbox 335 1799 1396 1880; baseline -0.011 -14"><span class='ocrx_word' id='word_1_125' title='bbox 335 1812 407 1866; x_wconf 88' lang='lat' dir='ltr'>diem</span> <span class='ocrx_word' id='word_1_126' title='bbox 434 1809 564 1880; x_wconf 61' lang='lat' dir='ltr'>signorm</span> <span class='ocrx_word' id='word_1_127' title='bbox 589 1799 767 1863; x_wconf 85' lang='lat' dir='ltr'>duodecima,</span> <span class='ocrx_word' id='word_1_128' title='bbox 794 1819 854 1871; x_wconf 59' lang='lat' dir='ltr'>qun</span> <span class='ocrx_word' id='word_1_129' title='bbox 896 1805 969 1858; x_wconf 87' lang='lat' dir='ltr'>nime</span> <span class='ocrx_word' id='word_1_130' title='bbox 984 1801 1173 1875; x_wconf 86' lang='lat' dir='ltr'>credo‚quum</span> <span class='ocrx_word' id='word_1_131' title='bbox 1182 1804 1308 1856; x_wconf 77' lang='lat' dir='ltr'>obeliscos</span> <span class='ocrx_word' id='word_1_132' title='bbox 1322 1819 1396 1854; x_wconf 66' lang='lat' dir='ltr'>ueros</span> 
     </span>
     <span class='ocr_line' id='line_1_16' title="bbox 334 1879 1395 1956; baseline -0.013 -11"><span class='ocrx_word' id='word_1_133' title='bbox 334 1893 397 1945; x_wconf 86' lang='lat' dir='ltr'>solis</span> <span class='ocrx_word' id='word_1_134' title='bbox 421 1903 554 1942; x_wconf 86' lang='lat' dir='ltr'>occusurn.</span> <span class='ocrx_word' id='word_1_135' title='bbox 572 1883 613 1934; x_wconf 85' lang='lat' dir='ltr'>Eo</span> <span class='ocrx_word' id='word_1_136' title='bbox 630 1881 701 1934; x_wconf 82' lang='lat' dir='ltr'>enini</span> <span class='ocrx_word' id='word_1_137' title='bbox 719 1879 853 1950; x_wconf 74' lang='lat' dir='ltr'>horologii</span> <span class='ocrx_word' id='word_1_138' title='bbox 897 1884 933 1936; x_wconf 92' lang='lat' dir='ltr'>ob</span> <span class='ocrx_word' id='word_1_139' title='bbox 954 1883 1110 1956; x_wconf 77' lang='lat' dir='ltr'>religionem</span> <span class='ocrx_word' id='word_1_140' title='bbox 1132 1883 1245 1936; x_wconf 73' lang='lat' dir='ltr'>heberet</span> <span class='ocrx_word' id='word_1_141' title='bbox 1261 1882 1395 1952; x_wconf 77' lang='lat' dir='ltr'>antiquitu-</span> 
     </span>
     <span class='ocr_line' id='line_1_17' title="bbox 335 1957 1002 2045; baseline -0.01 -21"><span class='ocrx_word' id='word_1_142' title='bbox 335 1987 433 2045; x_wconf 86' lang='lat' dir='ltr'>genere</span> <span class='ocrx_word' id='word_1_143' title='bbox 439 1969 551 2019; x_wconf 83' lang='lat' dir='ltr'>Veteres</span> <span class='ocrx_word' id='word_1_144' title='bbox 566 1962 607 2016; x_wconf 87' lang='lat' dir='ltr'>usi</span> <span class='ocrx_word' id='word_1_145' title='bbox 619 1972 695 2024; x_wconf 84' lang='lat' dir='ltr'>sunt,</span> <span class='ocrx_word' id='word_1_146' title='bbox 709 1957 785 2030; x_wconf 90' lang='lat' dir='ltr'>quod</span> <span class='ocrx_word' id='word_1_147' title='bbox 799 1960 855 2012; x_wconf 83' lang='lat' dir='ltr'>sin·</span> <span class='ocrx_word' id='word_1_148' title='bbox 897 1963 1002 2017; x_wconf 72' lang='lat' dir='ltr'>Diuo.</span> 
     </span>
     <span class='ocr_line' id='line_1_18' title="bbox 333 2036 1397 2126; baseline -0.011 -22"><span class='ocrx_word' id='word_1_149' title='bbox 333 2052 410 2126; x_wconf 84' lang='lat' dir='ltr'>gulos</span> <span class='ocrx_word' id='word_1_150' title='bbox 424 2047 483 2101; x_wconf 87' lang='lat' dir='ltr'>dies</span> <span class='ocrx_word' id='word_1_151' title='bbox 498 2061 528 2098; x_wconf 85' lang='lat' dir='ltr'>ac</span> <span class='ocrx_word' id='word_1_152' title='bbox 547 2054 637 2095; x_wconf 83' lang='lat' dir='ltr'>noctea</span> <span class='ocrx_word' id='word_1_153' title='bbox 657 2036 810 2092; x_wconf 86' lang='lat' dir='ltr'>dividerent</span> <span class='ocrx_word' id='word_1_154' title='bbox 826 2039 853 2091; x_wconf 91' lang='lat' dir='ltr'>in</span> <span class='ocrx_word' id='word_1_155' title='bbox 941 2061 986 2096; x_wconf 89' lang='grc' dir='ltr'>ιι.</span> <span class='ocrx_word' id='word_1_156' title='bbox 1003 2042 1079 2113; x_wconf 80' lang='lat' dir='ltr'>Cujus</span> <span class='ocrx_word' id='word_1_157' title='bbox 1090 2041 1175 2094; x_wconf 73' lang='lat' dir='ltr'>umbra</span> <span class='ocrx_word' id='word_1_158' title='bbox 1192 2047 1277 2094; x_wconf 78' lang='lat' dir='ltr'>uertice</span> <span class='ocrx_word' id='word_1_159' title='bbox 1289 2041 1397 2110; x_wconf 51' lang='lat' dir='ltr'>augere</span> 
     </span>
     <span class='ocr_line' id='line_1_19' title="bbox 335 2117 1395 2194; baseline -0.011 -11"><span class='ocrx_word' id='word_1_160' title='bbox 335 2127 479 2185; x_wconf 82' lang='lat' dir='ltr'>duodecim</span> <span class='ocrx_word' id='word_1_161' title='bbox 495 2123 609 2194; x_wconf 72' lang='lat' dir='ltr'>equales</span> <span class='ocrx_word' id='word_1_162' title='bbox 627 2121 723 2183; x_wconf 82' lang='lat' dir='ltr'>boras,</span> <span class='ocrx_word' id='word_1_163' title='bbox 742 2118 797 2172; x_wconf 87' lang='lat' dir='ltr'>sive</span> <span class='ocrx_word' id='word_1_164' title='bbox 818 2137 856 2171; x_wconf 75' lang='lat' dir='ltr'>eu</span> <span class='ocrx_word' id='word_1_165' title='bbox 898 2135 938 2175; x_wconf 79' lang='lat' dir='ltr'>rui·</span> <span class='ocrx_word' id='word_1_166' title='bbox 951 2126 976 2174; x_wconf 80' lang='lat' dir='ltr'>in</span> <span class='ocrx_word' id='word_1_167' title='bbox 990 2126 1076 2194; x_wconf 83' lang='lat' dir='ltr'>seipsa.</span> <span class='ocrx_word' id='word_1_168' title='bbox 1099 2124 1184 2194; x_wconf 85' lang='lat' dir='ltr'>Cujus</span> <span class='ocrx_word' id='word_1_169' title='bbox 1198 2123 1257 2194; x_wconf 74' lang='lat' dir='ltr'>pile</span> <span class='ocrx_word' id='word_1_170' title='bbox 1275 2117 1395 2174; x_wconf 84' lang='lat' dir='ltr'>nmbraiu</span> 
     </span>
     <span class='ocr_line' id='line_1_20' title="bbox 334 2197 1397 2279; baseline -0.012 -17"><span class='ocrx_word' id='word_1_171' title='bbox 334 2211 470 2279; x_wconf 72' lang='lat' dir='ltr'>longiores</span> <span class='ocrx_word' id='word_1_172' title='bbox 481 2204 593 2267; x_wconf 82' lang='lat' dir='ltr'>luerint,</span> <span class='ocrx_word' id='word_1_173' title='bbox 602 2213 634 2254; x_wconf 94' lang='lat' dir='ltr'>ut</span> <span class='ocrx_word' id='word_1_174' title='bbox 644 2197 748 2251; x_wconf 75' lang='lat' dir='ltr'>diurnoe</span> <span class='ocrx_word' id='word_1_175' title='bbox 757 2209 855 2263; x_wconf 71' lang='lat' dir='ltr'>estate,</span> <span class='ocrx_word' id='word_1_176' title='bbox 897 2201 1004 2255; x_wconf 81' lang='lat' dir='ltr'>verticis</span> <span class='ocrx_word' id='word_1_177' title='bbox 1019 2199 1130 2254; x_wconf 86' lang='lat' dir='ltr'>modum</span> <span class='ocrx_word' id='word_1_178' title='bbox 1145 2203 1313 2274; x_wconf 83' lang='lat' dir='ltr'>colligeretur</span> <span class='ocrx_word' id='word_1_179' title='bbox 1329 2200 1353 2251; x_wconf 90' lang='lat' dir='ltr'>in</span> <span class='ocrx_word' id='word_1_180' title='bbox 1365 2215 1397 2250; x_wconf 87' lang='lat' dir='ltr'>se·</span> 
     </span>
     <span class='ocr_line' id='line_1_21' title="bbox 336 2275 1396 2354; baseline -0.019 -11"><span class='ocrx_word' id='word_1_181' title='bbox 336 2291 433 2344; x_wconf 85' lang='lat' dir='ltr'>bruma</span> <span class='ocrx_word' id='word_1_182' title='bbox 452 2280 680 2345; x_wconf 73' lang='lat' dir='ltr'>nocturn1e3sive</span> <span class='ocrx_word' id='word_1_183' title='bbox 702 2275 855 2342; x_wconf 81' lang='lat' dir='ltr'>breviores,</span> <span class='ocrx_word' id='word_1_184' title='bbox 897 2281 974 2353; x_wconf 70' lang='lat' dir='ltr'>ipss:</span> <span class='ocrx_word' id='word_1_185' title='bbox 994 2299 1076 2352; x_wconf 77' lang='lat' dir='ltr'>quum</span> <span class='ocrx_word' id='word_1_186' title='bbox 1099 2282 1202 2354; x_wconf 70' lang='lat' dir='ltr'>alioqui</span> <span class='ocrx_word' id='word_1_187' title='bbox 1222 2300 1286 2353; x_wconf 59' lang='lat' dir='ltr'>,pa</span> <span class='ocrx_word' id='word_1_188' title='bbox 1304 2277 1396 2331; x_wconf 64' lang='lat' dir='ltr'>obelisci</span> 
     </span>
     <span class='ocr_line' id='line_1_22' title="bbox 337 2357 1396 2433; baseline -0.016 -9"><span class='ocrx_word' id='word_1_189' title='bbox 337 2382 368 2423; x_wconf 92' lang='lat' dir='ltr'>ut</span> <span class='ocrx_word' id='word_1_190' title='bbox 382 2369 471 2421; x_wconf 88' lang='lat' dir='ltr'>bieme</span> <span class='ocrx_word' id='word_1_191' title='bbox 482 2363 757 2421; x_wconf 74' lang='lat' dir='ltr'>diurnee‚uocturnae</span> <span class='ocrx_word' id='word_1_192' title='bbox 771 2357 855 2410; x_wconf 82' lang='lat' dir='ltr'>solsti-</span> <span class='ocrx_word' id='word_1_193' title='bbox 898 2361 1014 2433; x_wconf 76' lang='lat' dir='ltr'>amplior</span> <span class='ocrx_word' id='word_1_194' title='bbox 1037 2379 1116 2433; x_wconf 84' lang='lat' dir='ltr'>quern</span> <span class='ocrx_word' id='word_1_195' title='bbox 1135 2380 1184 2432; x_wconf 83' lang='lat' dir='ltr'>par</span> <span class='ocrx_word' id='word_1_196' title='bbox 1209 2362 1257 2427; x_wconf 87' lang='lat' dir='ltr'>sit,</span> <span class='ocrx_word' id='word_1_197' title='bbox 1278 2375 1396 2413; x_wconf 85' lang='lat' dir='ltr'>enormem</span> 
     </span>
     <span class='ocr_line' id='line_1_23' title="bbox 337 2435 1396 2515; baseline -0.016 -10"><span class='ocrx_word' id='word_1_198' title='bbox 337 2451 385 2505; x_wconf 89' lang='lat' dir='ltr'>tio.</span> <span class='ocrx_word' id='word_1_199' title='bbox 404 2445 484 2499; x_wconf 87' lang='lat' dir='ltr'>Unde</span> <span class='ocrx_word' id='word_1_200' title='bbox 507 2445 618 2512; x_wconf 79' lang='lat' dir='ltr'>August.</span> <span class='ocrx_word' id='word_1_201' title='bbox 636 2436 671 2490; x_wconf 88' lang='lat' dir='ltr'>de</span> <span class='ocrx_word' id='word_1_202' title='bbox 690 2454 752 2489; x_wconf 84' lang='lat' dir='ltr'>vera</span> <span class='ocrx_word' id='word_1_203' title='bbox 770 2435 854 2511; x_wconf 80' lang='lat' dir='ltr'>Relig.</span> <span class='ocrx_word' id='word_1_204' title='bbox 897 2441 1036 2513; x_wconf 81' lang='lat' dir='ltr'>laxumque</span> <span class='ocrx_word' id='word_1_205' title='bbox 1067 2439 1149 2493; x_wconf 85' lang='lat' dir='ltr'>nimia</span> <span class='ocrx_word' id='word_1_206' title='bbox 1172 2440 1331 2515; x_wconf 76' lang='lat' dir='ltr'>jacularetur</span> <span class='ocrx_word' id='word_1_207' title='bbox 1348 2457 1396 2490; x_wconf 89' lang='lat' dir='ltr'>uu·</span> 
     </span>
     <span class='ocr_line' id='line_1_24' title="bbox 342 2516 1397 2593; baseline -0.013 -11"><span class='ocrx_word' id='word_1_208' title='bbox 342 2556 354 2578; x_wconf 79' lang='grc' dir='ltr'>ι</span> <span class='ocrx_word' id='word_1_209' title='bbox 369 2530 458 2589; x_wconf 84' lang='lat' dir='ltr'>Hora,</span> <span class='ocrx_word' id='word_1_210' title='bbox 482 2521 591 2593; x_wconf 87' lang='lat' dir='ltr'>inquit,</span> <span class='ocrx_word' id='word_1_211' title='bbox 611 2517 741 2571; x_wconf 75' lang='lat' dir='ltr'>brumalis</span> <span class='ocrx_word' id='word_1_212' title='bbox 759 2516 854 2569; x_wconf 63' lang='lat' dir='ltr'>testium</span> <span class='ocrx_word' id='word_1_213' title='bbox 897 2522 982 2575; x_wconf 83' lang='lat' dir='ltr'>brem.</span> <span class='ocrx_word' id='word_1_214' title='bbox 1010 2520 1054 2574; x_wconf 91' lang='lat' dir='ltr'>Sic</span> <span class='ocrx_word' id='word_1_215' title='bbox 1076 2521 1159 2591; x_wconf 82' lang='lat' dir='ltr'>paulo</span> <span class='ocrx_word' id='word_1_216' title='bbox 1182 2535 1261 2587; x_wconf 83' lang='lat' dir='ltr'>ante,</span> <span class='ocrx_word' id='word_1_217' title='bbox 1286 2538 1340 2591; x_wconf 67' lang='lat' dir='ltr'>cup.</span> <span class='ocrx_word' id='word_1_218' title='bbox 1359 2534 1397 2578; x_wconf 85' lang='grc' dir='ltr'>ιι,</span> 
     </span>
     <span class='ocr_line' id='line_1_25' title="bbox 337 2597 1396 2679; baseline -0.013 -17"><span class='ocrx_word' id='word_1_219' title='bbox 337 2618 490 2679; x_wconf 82' lang='lat' dir='ltr'>comparata</span> <span class='ocrx_word' id='word_1_220' title='bbox 499 2602 590 2654; x_wconf 85' lang='lat' dir='ltr'>minor</span> <span class='ocrx_word' id='word_1_221' title='bbox 599 2611 646 2651; x_wconf 82' lang='lat' dir='ltr'>est.</span> <span class='ocrx_word' id='word_1_222' title='bbox 656 2623 667 2644; x_wconf 81' lang='grc' dir='ltr'>ι</span> <span class='ocrx_word' id='word_1_223' title='bbox 675 2597 766 2648; x_wconf 75' lang='lat' dir='ltr'>Linere</span> <span class='ocrx_word' id='word_1_224' title='bbox 772 2614 854 2667; x_wconf 86' lang='lat' dir='ltr'>porro</span> <span class='ocrx_word' id='word_1_225' title='bbox 898 2604 1000 2673; x_wconf 79' lang='lat' dir='ltr'>crispum</span> <span class='ocrx_word' id='word_1_226' title='bbox 1012 2602 1036 2651; x_wconf 82' lang='lat' dir='ltr'>r&#39;n</span> <span class='ocrx_word' id='word_1_227' title='bbox 1048 2604 1164 2665; x_wconf 82' lang='lat' dir='ltr'>uertices,</span> <span class='ocrx_word' id='word_1_228' title='bbox 1175 2598 1244 2653; x_wconf 84' lang='lat' dir='ltr'>dixit</span> <span class='ocrx_word' id='word_1_229' title='bbox 1256 2616 1281 2653; x_wconf 90' lang='lat' dir='ltr'>et</span> <span class='ocrx_word' id='word_1_230' title='bbox 1293 2618 1346 2669; x_wconf 75' lang='lat' dir='ltr'>cap.</span> <span class='ocrx_word' id='word_1_231' title='bbox 1358 2616 1396 2657; x_wconf 86' lang='grc' dir='ltr'>ιι,</span> 
     </span>
     <span class='ocr_line' id='line_1_26' title="bbox 338 2674 1396 2742; baseline -0.015 1"><span class='ocrx_word' id='word_1_232' title='bbox 338 2690 396 2742; x_wconf 73' lang='lat' dir='ltr'>istu</span> <span class='ocrx_word' id='word_1_233' title='bbox 406 2706 438 2739; x_wconf 94' lang='lat' dir='ltr'>ex</span> <span class='ocrx_word' id='word_1_234' title='bbox 451 2681 531 2737; x_wconf 71' lang='lat' dir='ltr'>aneis</span> <span class='ocrx_word' id='word_1_235' title='bbox 541 2678 646 2734; x_wconf 87' lang='lat' dir='ltr'>laminis</span> <span class='ocrx_word' id='word_1_236' title='bbox 658 2676 797 2738; x_wconf 78' lang='lat' dir='ltr'>coniectat,</span> <span class='ocrx_word' id='word_1_237' title='bbox 809 2676 856 2728; x_wconf 82' lang='lat' dir='ltr'>ho·</span> <span class='ocrx_word' id='word_1_238' title='bbox 898 2681 1043 2733; x_wconf 82' lang='lat' dir='ltr'>maculosum</span> <span class='ocrx_word' id='word_1_239' title='bbox 1062 2682 1087 2731; x_wconf 85' lang='lat' dir='ltr'>in</span> <span class='ocrx_word' id='word_1_240' title='bbox 1113 2684 1220 2733; x_wconf 75' lang='lat' dir='ltr'>uertices.</span> <span class='ocrx_word' id='word_1_241' title='bbox 1240 2680 1284 2734; x_wconf 90' lang='lat' dir='ltr'>Sic</span> <span class='ocrx_word' id='word_1_242' title='bbox 1302 2674 1396 2731; x_wconf 75' lang='lat' dir='ltr'>totidem</span> 
     </span>
     <span class='ocr_line' id='line_1_27' title="bbox 338 2758 1395 2835; baseline -0.014 -13"><span class='ocrx_word' id='word_1_243' title='bbox 338 2764 465 2822; x_wconf 83' lang='lat' dir='ltr'>rizontali</span> <span class='ocrx_word' id='word_1_244' title='bbox 479 2762 560 2835; x_wconf 78' lang='lat' dir='ltr'>pleno</span> <span class='ocrx_word' id='word_1_245' title='bbox 574 2758 694 2821; x_wconf 72' lang='lat' dir='ltr'>inserto,</span> <span class='ocrx_word' id='word_1_246' title='bbox 707 2766 811 2825; x_wconf 82' lang='lat' dir='ltr'>gratum</span> <span class='ocrx_word' id='word_1_247' title='bbox 824 2772 854 2807; x_wconf 89' lang='lat' dir='ltr'>ex</span> <span class='ocrx_word' id='word_1_248' title='bbox 898 2761 977 2833; x_wconf 84' lang='lat' dir='ltr'>plene</span> <span class='ocrx_word' id='word_1_249' title='bbox 997 2758 1117 2830; x_wconf 76' lang='lat' dir='ltr'>apicibus</span> <span class='ocrx_word' id='word_1_250' title='bbox 1132 2759 1295 2831; x_wconf 75' lang='lat' dir='ltr'>syllabisque</span> <span class='ocrx_word' id='word_1_251' title='bbox 1311 2760 1368 2827; x_wconf 77' lang='lat' dir='ltr'>fleg.</span> <span class='ocrx_word' id='word_1_252' title='bbox 1384 2774 1395 2807; x_wconf 82' lang='grc' dir='ltr'>ι</span> 
     </span>
     <span class='ocr_line' id='line_1_28' title="bbox 339 2832 1443 2911; baseline -0.009 -10"><span class='ocrx_word' id='word_1_253' title='bbox 339 2848 432 2903; x_wconf 80' lang='lat' dir='ltr'>altiore</span> <span class='ocrx_word' id='word_1_254' title='bbox 452 2843 513 2895; x_wconf 82' lang='lat' dir='ltr'>loco</span> <span class='ocrx_word' id='word_1_255' title='bbox 531 2835 711 2911; x_wconf 70' lang='lat' dir='ltr'>spectaculum</span> <span class='ocrx_word' id='word_1_256' title='bbox 732 2832 858 2887; x_wconf 68' lang='lat' dir='ltr'>intuenti·</span> <span class='ocrx_word' id='word_1_257' title='bbox 898 2838 982 2893; x_wconf 87' lang='lat' dir='ltr'>codex</span> <span class='ocrx_word' id='word_1_258' title='bbox 991 2850 1018 2891; x_wconf 84' lang='lat' dir='ltr'>et</span> <span class='ocrx_word' id='word_1_259' title='bbox 1026 2840 1159 2903; x_wconf 82' lang='grc' dir='ltr'>Ρὶιιιίιιιί,</span> <span class='ocrx_word' id='word_1_260' title='bbox 1171 2840 1228 2901; x_wconf 85' lang='lat' dir='ltr'>nisi¹</span> <span class='ocrx_word' id='word_1_261' title='bbox 1236 2837 1398 2911; x_wconf 65' lang='lat' dir='ltr'>quodiana,</span> <span class='ocrx_word' id='word_1_262' title='bbox 1440 2858 1443 2891; x_wconf 80' lang='grc' dir='ltr'>ι</span> 
     </span>
     <span class='ocr_line' id='line_1_29' title="bbox 338 2913 1395 2996; baseline -0.012 -17"><span class='ocrx_word' id='word_1_263' title='bbox 338 2928 390 2981; x_wconf 86' lang='lat' dir='ltr'>bus</span> <span class='ocrx_word' id='word_1_264' title='bbox 402 2921 569 2996; x_wconf 68' lang='lat' dir='ltr'>prabebant.</span> <span class='ocrx_word' id='word_1_265' title='bbox 582 2913 720 2985; x_wconf 88' lang='lat' dir='ltr'>Horologii</span> <span class='ocrx_word' id='word_1_266' title='bbox 731 2915 789 2985; x_wconf 82' lang='lat' dir='ltr'>ejus</span> <span class='ocrx_word' id='word_1_267' title='bbox 800 2913 855 2965; x_wconf 86' lang='lat' dir='ltr'>ico·</span> <span class='ocrx_word' id='word_1_268' title='bbox 898 2939 954 2972; x_wconf 90' lang='lat' dir='ltr'>non</span> <span class='ocrx_word' id='word_1_269' title='bbox 973 2922 998 2970; x_wconf 81' lang='lat' dir='ltr'>is</span> <span class='ocrx_word' id='word_1_270' title='bbox 1012 2921 1090 2990; x_wconf 79' lang='lat' dir='ltr'>seipse</span> <span class='ocrx_word' id='word_1_271' title='bbox 1106 2918 1216 2971; x_wconf 86' lang='lat' dir='ltr'>habent.</span> <span class='ocrx_word' id='word_1_272' title='bbox 1232 2918 1275 2971; x_wconf 85' lang='lat' dir='ltr'>lta</span> <span class='ocrx_word' id='word_1_273' title='bbox 1290 2931 1316 2972; x_wconf 87' lang='lat' dir='ltr'>et</span> <span class='ocrx_word' id='word_1_274' title='bbox 1334 2914 1395 2968; x_wconf 72' lang='lat' dir='ltr'>HSS.</span> 
     </span>
     <span class='ocr_line' id='line_1_30' title="bbox 338 2992 1396 3071; baseline -0.015 -10"><span class='ocrx_word' id='word_1_275' title='bbox 338 3026 403 3061; x_wconf 86' lang='lat' dir='ltr'>nem</span> <span class='ocrx_word' id='word_1_276' title='bbox 414 2998 557 3056; x_wconf 83' lang='lat' dir='ltr'>delineavit</span> <span class='ocrx_word' id='word_1_277' title='bbox 567 3007 687 3050; x_wconf 78' lang='lat' dir='ltr'>accurate</span> <span class='ocrx_word' id='word_1_278' title='bbox 695 2994 789 3045; x_wconf 83' lang='lat' dir='ltr'>Jacob.</span> <span class='ocrx_word' id='word_1_279' title='bbox 799 2992 858 3045; x_wconf 83' lang='lat' dir='ltr'>Ma·</span> <span class='ocrx_word' id='word_1_280' title='bbox 899 2998 944 3052; x_wconf 76' lang='lat' dir='ltr'>alii</span> <span class='ocrx_word' id='word_1_281' title='bbox 957 3015 1050 3051; x_wconf 87' lang='lat' dir='ltr'>omnes</span> <span class='ocrx_word' id='word_1_282' title='bbox 1064 2998 1229 3071; x_wconf 82' lang='lat' dir='ltr'>probatioris</span> <span class='ocrx_word' id='word_1_283' title='bbox 1238 3010 1316 3052; x_wconf 68' lang='lat' dir='ltr'>note„</span> <span class='ocrx_word' id='word_1_284' title='bbox 1332 2992 1396 3049; x_wconf 75' lang='lat' dir='ltr'>Atia</span> 
     </span>
     <span class='ocr_line' id='line_1_31' title="bbox 339 3072 1396 3157; baseline -0.016 -16"><span class='ocrx_word' id='word_1_285' title='bbox 339 3104 401 3151; x_wconf 77' lang='lat' dir='ltr'>sus,</span> <span class='ocrx_word' id='word_1_286' title='bbox 413 3084 602 3157; x_wconf 73' lang='lat' dir='ltr'>Syracusanus.</span> <span class='ocrx_word' id='word_1_287' title='bbox 613 3074 704 3126; x_wconf 69' lang='lat' dir='ltr'>niso.</span> <span class='ocrx_word' id='word_1_288' title='bbox 899 3076 977 3131; x_wconf 87' lang='lat' dir='ltr'>editis</span> <span class='ocrx_word' id='word_1_289' title='bbox 994 3075 1028 3130; x_wconf 80' lang='lat' dir='ltr'>ad</span> <span class='ocrx_word' id='word_1_290' title='bbox 1044 3078 1117 3131; x_wconf 89' lang='lat' dir='ltr'>bunc</span> <span class='ocrx_word' id='word_1_291' title='bbox 1133 3077 1207 3130; x_wconf 90' lang='lat' dir='ltr'>diem</span> <span class='ocrx_word' id='word_1_292' title='bbox 1225 3078 1301 3131; x_wconf 77' lang='lat' dir='ltr'>libris</span> <span class='ocrx_word' id='word_1_293' title='bbox 1317 3072 1396 3147; x_wconf 85' lang='lat' dir='ltr'>prodi·</span> 
     </span>
     <span class='ocr_line' id='line_1_32' title="bbox 383 3152 1398 3235; baseline -0.008 -22"><span class='ocrx_word' id='word_1_294' title='bbox 383 3185 411 3235; x_wconf 83' lang='lat'>9.</span> <span class='ocrx_word' id='word_1_295' title='bbox 438 3160 540 3232; x_wconf 83' lang='lat' dir='ltr'>Ingenio</span> <span class='ocrx_word' id='word_1_296' title='bbox 555 3154 662 3225; x_wconf 67' lang='lat' dir='ltr'>suendo</span> <span class='ocrx_word' id='word_1_297' title='bbox 685 3152 856 3203; x_wconf 70' lang='lat' dir='ltr'>mathematici.</span> <span class='ocrx_word' id='word_1_298' title='bbox 898 3157 970 3231; x_wconf 82' lang='lat' dir='ltr'>giose</span> <span class='ocrx_word' id='word_1_299' title='bbox 978 3157 1184 3229; x_wconf 66' lang='lat' dir='ltr'>huccorruptae</span> <span class='ocrx_word' id='word_1_300' title='bbox 1200 3184 1212 3205; x_wconf 82' lang='lat'>.</span> <span class='ocrx_word' id='word_1_301' title='bbox 1226 3153 1398 3228; x_wconf 73' lang='lat' dir='ltr'>Cujnrvertier</span> 
     </span>
     <span class='ocr_line' id='line_1_33' title="bbox 341 3228 1443 3310; baseline -0.015 -14"><span class='ocrx_word' id='word_1_302' title='bbox 341 3244 410 3310; x_wconf 87' lang='lat' dir='ltr'>Quis</span> <span class='ocrx_word' id='word_1_303' title='bbox 422 3240 467 3294; x_wconf 87' lang='lat' dir='ltr'>ille</span> <span class='ocrx_word' id='word_1_304' title='bbox 481 3234 682 3291; x_wconf 76' lang='lat' dir='ltr'>mathematicus</span> <span class='ocrx_word' id='word_1_305' title='bbox 692 3228 856 3284; x_wconf 81' lang='lat' dir='ltr'>l&#39;neritlllSS.</span> <span class='ocrx_word' id='word_1_306' title='bbox 899 3237 996 3290; x_wconf 67' lang='lat' dir='ltr'>umbra</span> <span class='ocrx_word' id='word_1_307' title='bbox 1007 3236 1179 3307; x_wconf 57' lang='lat' dir='ltr'>colligemur</span> <span class='ocrx_word' id='word_1_308' title='bbox 1192 3238 1222 3289; x_wconf 74' lang='grc' dir='ltr'>ῐῃ</span> <span class='ocrx_word' id='word_1_309' title='bbox 1235 3238 1396 3307; x_wconf 55' lang='lat' dir='ltr'>semetipum,</span> <span class='ocrx_word' id='word_1_310' title='bbox 1442 3266 1443 3273; x_wconf 28' lang='grc' dir='ltr'>ι</span> 
     </span>
     <span class='ocr_line' id='line_1_34' title="bbox 341 3309 1396 3389; baseline -0.011 -11"><span class='ocrx_word' id='word_1_311' title='bbox 341 3322 447 3377; x_wconf 88' lang='lat' dir='ltr'>codices</span> <span class='ocrx_word' id='word_1_312' title='bbox 466 3336 522 3371; x_wconf 90' lang='lat' dir='ltr'>non</span> <span class='ocrx_word' id='word_1_313' title='bbox 538 3312 665 3367; x_wconf 81' lang='lat' dir='ltr'>indicant.</span> <span class='ocrx_word' id='word_1_314' title='bbox 682 3311 755 3382; x_wconf 79' lang='lat' dir='ltr'>&#39;l&#39;ypi</span> <span class='ocrx_word' id='word_1_315' title='bbox 773 3309 856 3363; x_wconf 85' lang='lat' dir='ltr'>intet-</span> <span class='ocrx_word' id='word_1_316' title='bbox 900 3315 950 3371; x_wconf 82' lang='lat' dir='ltr'>alia</span> <span class='ocrx_word' id='word_1_317' title='bbox 967 3330 1047 3389; x_wconf 80' lang='lat' dir='ltr'>utque</span> <span class='ocrx_word' id='word_1_318' title='bbox 1061 3316 1110 3369; x_wconf 81' lang='lat' dir='ltr'>alie</span> <span class='ocrx_word' id='word_1_319' title='bbox 1123 3317 1289 3369; x_wconf 77' lang='lat' dir='ltr'>incrementa</span> <span class='ocrx_word' id='word_1_320' title='bbox 1297 3314 1396 3388; x_wconf 78' lang='lat' dir='ltr'>jucabu-</span> 
     </span>
     <span class='ocr_line' id='line_1_35' title="bbox 340 3389 1396 3477; baseline -0.017 -21"><span class='ocrx_word' id='word_1_321' title='bbox 340 3403 425 3477; x_wconf 88' lang='lat' dir='ltr'>polati</span> <span class='ocrx_word' id='word_1_322' title='bbox 440 3398 479 3453; x_wconf 87' lang='lat' dir='ltr'>sic</span> <span class='ocrx_word' id='word_1_323' title='bbox 489 3396 613 3450; x_wconf 84' lang='lat' dir='ltr'>exhibent</span> <span class='ocrx_word' id='word_1_324' title='bbox 626 3420 638 3441; x_wconf 78' lang='grc' dir='ltr'>ι</span> <span class='ocrx_word' id='word_1_325' title='bbox 652 3404 679 3443; x_wconf 89' lang='lat' dir='ltr'>et</span> <span class='ocrx_word' id='word_1_326' title='bbox 694 3389 802 3460; x_wconf 86' lang='lat' dir='ltr'>ingenio</span> <span class='ocrx_word' id='word_1_327' title='bbox 819 3389 857 3442; x_wconf 87' lang='lat' dir='ltr'>l&#39;e·</span> <span class='ocrx_word' id='word_1_328' title='bbox 900 3410 953 3451; x_wconf 75' lang='lat' dir='ltr'>tem</span> <span class='ocrx_word' id='word_1_329' title='bbox 967 3397 1050 3469; x_wconf 71' lang='lat' dir='ltr'>apice,</span> <span class='ocrx_word' id='word_1_330' title='bbox 1064 3422 1075 3443; x_wconf 83' lang='lat'><strong>.</strong></span> <span class='ocrx_word' id='word_1_331' title='bbox 1090 3396 1179 3461; x_wconf 64' lang='lat' dir='ltr'>Quam</span> <span class='ocrx_word' id='word_1_332' title='bbox 1190 3410 1254 3450; x_wconf 69' lang='lat' dir='ltr'>sunt</span> <span class='ocrx_word' id='word_1_333' title='bbox 1266 3414 1344 3467; x_wconf 73' lang='lat' dir='ltr'>pom</span> <span class='ocrx_word' id='word_1_334' title='bbox 1353 3393 1396 3444; x_wconf 67' lang='lat' dir='ltr'>hae</span> 
     </span>
     <span class='ocr_line' id='line_1_36' title="bbox 341 3468 1396 3547; baseline -0.021 -10"><span class='ocrx_word' id='word_1_335' title='bbox 341 3480 442 3538; x_wconf 90' lang='lat' dir='ltr'>cundo.</span> <span class='ocrx_word' id='word_1_336' title='bbox 455 3475 572 3531; x_wconf 83' lang='lat' dir='ltr'>Manlius</span> <span class='ocrx_word' id='word_1_337' title='bbox 585 3470 786 3525; x_wconf 83' lang='lat' dir='ltr'>mathematicus</span> <span class='ocrx_word' id='word_1_338' title='bbox 799 3468 857 3540; x_wconf 82' lang='lat' dir='ltr'>upi-</span> <span class='ocrx_word' id='word_1_339' title='bbox 899 3488 1042 3547; x_wconf 61' lang='lat' dir='ltr'>corrupta,</span> <span class='ocrx_word' id='word_1_340' title='bbox 1058 3488 1111 3528; x_wconf 65' lang='lat' dir='ltr'>iam</span> <span class='ocrx_word' id='word_1_341' title='bbox 1129 3488 1192 3529; x_wconf 62' lang='lat' dir='ltr'>gunt</span> <span class='ocrx_word' id='word_1_342' title='bbox 1209 3476 1336 3538; x_wconf 56' lang='lat' dir='ltr'>obsum,</span> <span class='ocrx_word' id='word_1_343' title='bbox 1351 3488 1396 3543; x_wconf 71' lang='lat' dir='ltr'>qu</span> 
     </span>
     <span class='ocr_line' id='line_1_37' title="bbox 341 3553 1394 3628; baseline -0.014 -11"><span class='ocrx_word' id='word_1_344' title='bbox 341 3566 381 3628; x_wconf 89' lang='lat' dir='ltr'>ci,</span> <span class='ocrx_word' id='word_1_345' title='bbox 410 3572 461 3613; x_wconf 86' lang='lat' dir='ltr'>etc.</span> <span class='ocrx_word' id='word_1_346' title='bbox 492 3582 504 3604; x_wconf 86' lang='grc' dir='ltr'>ι</span> <span class='ocrx_word' id='word_1_347' title='bbox 533 3553 618 3608; x_wconf 86' lang='lat' dir='ltr'>Nobis</span> <span class='ocrx_word' id='word_1_348' title='bbox 647 3570 662 3604; x_wconf 82' lang='lat' dir='ltr'>a</span> <span class='ocrx_word' id='word_1_349' title='bbox 690 3560 855 3602; x_wconf 83' lang='lat' dir='ltr'>vetustorum</span> <span class='ocrx_word' id='word_1_350' title='bbox 900 3554 1394 3627; x_wconf 61' lang='lat' dir='ltr'>Salmasiusull&#39;ertinSolimpuglilo.</span> 
     </span>
     <span class='ocr_line' id='line_1_38' title="bbox 341 3627 1395 3709; baseline -0.011 -12"><span class='ocrx_word' id='word_1_351' title='bbox 341 3636 533 3709; x_wconf 78' lang='lat' dir='ltr'>exemplarium</span> <span class='ocrx_word' id='word_1_352' title='bbox 543 3630 598 3687; x_wconf 86' lang='lat' dir='ltr'>fide</span> <span class='ocrx_word' id='word_1_353' title='bbox 606 3630 752 3684; x_wconf 80' lang='lat' dir='ltr'>desciscere</span> <span class='ocrx_word' id='word_1_354' title='bbox 763 3627 857 3699; x_wconf 85' lang='lat' dir='ltr'>religio</span> <span class='ocrx_word' id='word_1_355' title='bbox 900 3634 935 3689; x_wconf 84' lang='lat' dir='ltr'>nd</span> <span class='ocrx_word' id='word_1_356' title='bbox 960 3634 1207 3705; x_wconf 82' lang='lat' dir='ltr'>interpretationem</span> <span class='ocrx_word' id='word_1_357' title='bbox 1235 3634 1316 3707; x_wconf 82' lang='lat' dir='ltr'>bujus</span> <span class='ocrx_word' id='word_1_358' title='bbox 1340 3632 1395 3685; x_wconf 77' lang='lat' dir='ltr'>loci.</span> 
     </span>
     <span class='ocr_line' id='line_1_39' title="bbox 340 3706 1396 3787; baseline -0.014 -11"><span class='ocrx_word' id='word_1_359' title='bbox 340 3735 389 3776; x_wconf 85' lang='lat' dir='ltr'>est.</span> <span class='ocrx_word' id='word_1_360' title='bbox 402 3717 479 3772; x_wconf 89' lang='lat' dir='ltr'>Vidit</span> <span class='ocrx_word' id='word_1_361' title='bbox 492 3716 545 3769; x_wconf 86' lang='lat' dir='ltr'>boc</span> <span class='ocrx_word' id='word_1_362' title='bbox 563 3724 591 3765; x_wconf 89' lang='lat' dir='ltr'>ct</span> <span class='ocrx_word' id='word_1_363' title='bbox 605 3710 752 3764; x_wconf 83' lang='lat' dir='ltr'>Pintianus.</span> <span class='ocrx_word' id='word_1_364' title='bbox 767 3706 800 3759; x_wconf 86' lang='grc' dir='ltr'>Η.</span> <span class='ocrx_word' id='word_1_365' title='bbox 817 3738 856 3747; x_wconf 90' lang='grc'>-</span> <span class='ocrx_word' id='word_1_366' title='bbox 899 3733 979 3787; x_wconf 86' lang='lat' dir='ltr'>quem</span> <span class='ocrx_word' id='word_1_367' title='bbox 992 3732 1024 3766; x_wconf 85' lang='lat' dir='ltr'>ex</span> <span class='ocrx_word' id='word_1_368' title='bbox 1036 3714 1091 3767; x_wconf 88' lang='lat' dir='ltr'>suis</span> <span class='ocrx_word' id='word_1_369' title='bbox 1103 3732 1214 3785; x_wconf 85' lang='lat' dir='ltr'>quoque</span> <span class='ocrx_word' id='word_1_370' title='bbox 1224 3713 1357 3767; x_wconf 76' lang='lat' dir='ltr'>mdicibus</span> <span class='ocrx_word' id='word_1_371' title='bbox 1366 3728 1396 3761; x_wconf 80' lang='grc' dir='ltr'>ιι·</span> 
     </span>
     <span class='ocr_line' id='line_1_40' title="bbox 341 3786 1394 3873; baseline -0.01 -19"><span class='ocrx_word' id='word_1_372' title='bbox 341 3804 444 3873; x_wconf 79' lang='lat' dir='ltr'>Ingenio</span> <span class='ocrx_word' id='word_1_373' title='bbox 453 3794 559 3864; x_wconf 80' lang='lat' dir='ltr'>secundo</span> <span class='ocrx_word' id='word_1_374' title='bbox 575 3790 743 3843; x_wconf 73' lang='lat' dir='ltr'>mathematici.</span> <span class='ocrx_word' id='word_1_375' title='bbox 759 3786 857 3839; x_wconf 72' lang='lat' dir='ltr'>Emen·</span> <span class='ocrx_word' id='word_1_376' title='bbox 899 3793 983 3848; x_wconf 85' lang='lat' dir='ltr'>stituit</span> <span class='ocrx_word' id='word_1_377' title='bbox 994 3812 1106 3865; x_wconf 83' lang='lat' dir='ltr'>aequeae</span> <span class='ocrx_word' id='word_1_378' title='bbox 1116 3793 1269 3847; x_wconf 82' lang='lat' dir='ltr'>Pintianus.</span> <span class='ocrx_word' id='word_1_379' title='bbox 1282 3794 1394 3845; x_wconf 78' lang='lat' dir='ltr'>Esau.-</span> 
     </span>
     <span class='ocr_line' id='line_1_41' title="bbox 341 3866 1395 3943; baseline -0.011 -10"><span class='ocrx_word' id='word_1_380' title='bbox 341 3880 415 3935; x_wconf 82' lang='lat' dir='ltr'>dnvit</span> <span class='ocrx_word' id='word_1_381' title='bbox 439 3866 855 3937; x_wconf 75' lang='lat' dir='ltr'>Bandin.100.cirar.csp.13‚</span> <span class='ocrx_word' id='word_1_382' title='bbox 902 3872 1102 3943; x_wconf 75' lang='lat' dir='ltr'>Colligenturiu</span> <span class='ocrx_word' id='word_1_383' title='bbox 1120 3876 1207 3943; x_wconf 67' lang='lat' dir='ltr'>sepse.</span> <span class='ocrx_word' id='word_1_384' title='bbox 1226 3873 1395 3927; x_wconf 78' lang='lat' dir='ltr'>Verissimeet</span> 
     </span>
     <span class='ocr_line' id='line_1_42' title="bbox 340 3945 1394 4031; baseline -0.009 -18"><span class='ocrx_word' id='word_1_385' title='bbox 340 3962 438 4031; x_wconf 81' lang='lat' dir='ltr'>ingenio</span> <span class='ocrx_word' id='word_1_386' title='bbox 449 3953 588 4009; x_wconf 79' lang='lat' dir='ltr'>Facimdiri</span> <span class='ocrx_word' id='word_1_387' title='bbox 598 3949 708 4005; x_wconf 65' lang='lat' dir='ltr'>buath.</span> <span class='ocrx_word' id='word_1_388' title='bbox 716 3945 769 4001; x_wconf 88' lang='lat' dir='ltr'>Sed</span> <span class='ocrx_word' id='word_1_389' title='bbox 781 3946 855 4017; x_wconf 83' lang='lat' dir='ltr'>iguo·</span> <span class='ocrx_word' id='word_1_390' title='bbox 897 3953 1092 4007; x_wconf 83' lang='lat' dir='ltr'>accuratissime</span> <span class='ocrx_word' id='word_1_391' title='bbox 1103 3951 1217 4007; x_wconf 85' lang='lat' dir='ltr'>dictum.</span> <span class='ocrx_word' id='word_1_392' title='bbox 1228 3952 1287 4019; x_wconf 85' lang='lat' dir='ltr'>Qui</span> <span class='ocrx_word' id='word_1_393' title='bbox 1298 3946 1394 4025; x_wconf 72' lang='lat' dir='ltr'>plaude</span> 
     </span>
     <span class='ocr_line' id='line_1_43' title="bbox 341 4028 1394 4102; baseline -0.01 -9"><span class='ocrx_word' id='word_1_394' title='bbox 341 4056 384 4094; x_wconf 86' lang='lat' dir='ltr'>tus</span> <span class='ocrx_word' id='word_1_395' title='bbox 397 4038 442 4091; x_wconf 86' lang='lat' dir='ltr'>ille</span> <span class='ocrx_word' id='word_1_396' title='bbox 452 4034 618 4095; x_wconf 69' lang='lat' dir='ltr'>Fecunditas,</span> <span class='ocrx_word' id='word_1_397' title='bbox 629 4030 737 4102; x_wconf 71' lang='lat' dir='ltr'>ignotus</span> <span class='ocrx_word' id='word_1_398' title='bbox 745 4028 853 4079; x_wconf 76' lang='lat' dir='ltr'>libertus.</span> <span class='ocrx_word' id='word_1_399' title='bbox 898 4033 940 4087; x_wconf 83' lang='lat' dir='ltr'>bis</span> <span class='ocrx_word' id='word_1_400' title='bbox 951 4034 1077 4097; x_wconf 85' lang='lat' dir='ltr'>voluerit,</span> <span class='ocrx_word' id='word_1_401' title='bbox 1089 4031 1212 4087; x_wconf 84' lang='lat' dir='ltr'>consulat</span> <span class='ocrx_word' id='word_1_402' title='bbox 1224 4034 1338 4089; x_wconf 70' lang='lat' dir='ltr'>laudatae</span> <span class='ocrx_word' id='word_1_403' title='bbox 1347 4030 1394 4082; x_wconf 66' lang='lat' dir='ltr'>ue</span> 
     </span>
     <span class='ocr_line' id='line_1_44' title="bbox 340 4107 1249 4185; baseline -0.009 -11"><span class='ocrx_word' id='word_1_404' title='bbox 340 4123 416 4174; x_wconf 87' lang='lat' dir='ltr'>Brut.</span> <span class='ocrx_word' id='word_1_405' title='bbox 430 4135 462 4170; x_wconf 84' lang='lat' dir='ltr'>ex</span> <span class='ocrx_word' id='word_1_406' title='bbox 473 4116 538 4185; x_wconf 82' lang='lat' dir='ltr'>ch.</span> <span class='ocrx_word' id='word_1_407' title='bbox 554 4108 613 4165; x_wconf 83' lang='lat' dir='ltr'>cod.</span> <span class='ocrx_word' id='word_1_408' title='bbox 628 4111 642 4164; x_wconf 80' lang='lat'><strong>5</strong></span> <span class='ocrx_word' id='word_1_409' title='bbox 657 4123 683 4163; x_wconf 86' lang='lat' dir='ltr'>ct</span> <span class='ocrx_word' id='word_1_410' title='bbox 692 4107 757 4162; x_wconf 89' lang='lat' dir='ltr'>edit.</span> <span class='ocrx_word' id='word_1_411' title='bbox 768 4107 854 4179; x_wconf 84' lang='lat' dir='ltr'>princ.</span> <span class='ocrx_word' id='word_1_412' title='bbox 899 4112 1004 4168; x_wconf 83' lang='lat' dir='ltr'>coricbi</span> <span class='ocrx_word' id='word_1_413' title='bbox 1019 4112 1153 4184; x_wconf 78' lang='lat' dir='ltr'>epistolas.</span> <span class='ocrx_word' id='word_1_414' title='bbox 1164 4114 1249 4166; x_wconf 77' lang='lat' dir='ltr'>Reor.</span> 
     </span>
    </p>
   </div>
   <div class='ocr_carea' id='block_1_3' title="bbox 0 0 1491 5000">
    <p class='ocr_par' dir='ltr' id='par_1_5' title="bbox 0 0 1491 5000">
     <span class='ocr_line' id='line_1_45' title="bbox 0 0 1491 5000; baseline 0 0"><span class='ocrx_word' id='word_1_415' title='bbox 0 0 1491 5000; x_wconf 95' lang='lat' dir='ltr'> </span> 
     </span>
    </p>
   </div>
  </div>
 </body>
</html>
