2950 5000
307 382 380 469 604
589 388 628 456 C.
653 386 822 456 PLINII
847 387 955 457 NAT.
980 384 1107 453 HIST.

307 531 366 585 aut
382 518 409 586 si
425 516 579 588 admotus
597 544 734 615 magnes
753 517 1028 614 apprehenderit,
1049 517 1177 611 rapiat,
1194 532 1286 612 atque
1299 542 1352 587 au·

224 614 229 625 ’
306 620 400 691 ferat.
429 624 572 694 Adamas
598 641 632 694 et
655 650 783 695 venena
805 626 897 693 irrita
922 623 1045 707 facit²⁷,
1069 635 1104 691 et
1134 622 1352 718 lymphationes

305 727 427 821 abigit,
445 744 618 824 metusque
637 756 741 800 vanos
755 730 889 824 expellit
901 754 921 798 a
934 743 1045 799 mente
1060 755 1068 797 ε
1084 744 1119 797 et
1132 730 1175 797 ob
1192 730 1224 797 id
1238 730 1352 823 quidam

306 857 383 900 eum
392 836 566 905 anachiten
575 826 599 864 ²⁸
609 860 780 905 vocavere.
795 834 1010 905 Metrodorus
1025 836 1194 927 Scepsius,
1209 838 1242 904 in
1253 835 1352 903 eadem

306 940 488 1009 Germania
501 956 535 1011 et
547 942 664 1011 Basilia
674 942 779 1011 insula
791 944 900 1026 nasci,
916 944 948 1009 in
964 965 1030 1034 qua
1044 956 1077 1009 et
1093 939 1355 1033 succinum,quod

305 1045 458 1137 equidem
481 1046 633 1141 legerim,
652 1047 741 1117 solus
761 1048 863 1117 dicit:
884 1060 920 1115 et
943 1047 1078 1141 praefert
1093 1048 1241 1115 Arabicis
1256 1072 1264 1113 ε
1281 1045 1356 1139 quod

307 1148 426 1219 falsum
448 1176 518 1221 esse
538 1145 613 1246 quis
630 1152 781 1223 dubitet?

274 1277 286 1309 1
360 1259 451 1324 xvl.
469 1261 660 1327 Proximum
680 1258 769 1353 apud
787 1283 847 1327 nos
869 1257 991 1328 Iudicis
1012 1258 1227 1351 Arabicisque
1248 1280 1375 1350 marga·

306 1362 378 1430 ritis
400 1364 544 1455 pretium
566 1380 633 1450 est,
654 1364 696 1434 de
718 1364 838 1459 quibus
858 1366 892 1432 in
918 1389 1008 1434 nono
1021 1362 1188 1433 disimus¹
1211 1361 1358 1433 volumine

305 1482 395 1536 mter
410 1493 462 1537 res
481 1471 635 1539 marinas.

360 1562 425 1665 (v.)
440 1576 551 1643 Tertia
564 1577 744 1645 auctoritas
757 1573 952 1670 smaragdis²
966 1576 1162 1670 perhibetur
1174 1574 1314 1670 pluribus
1324 1571 1359 1641 da

307 1728 413 1783 adamas
437 1732 551 1801 magneti
570 1730 643 1804 quod
662 1734 749 1805 rapit,
771 1688 819 1785 aiu·
862 1733 894 1784 In
908 1732 1046 1784 Parmensi
1061 1732 1123 1785 edit.
1136 1732 1254 1783 arachiten.
1268 1730 1325 1799 lleg.
1338 1746 1359 1790 a,

308 1810 369 1862 l'ert.
385 1836 396 1856 ι
416 1810 478 1862 Νοιι
495 1812 574 1864 babet
595 1811 665 1865 hanc
686 1812 741 1865 rim
759 1810 821 1865 ada·
862 1823 889 1863 et
905 1811 984 1864 Colb.
1004 1812 1039 1873 3,
1061 1811 1183 1882 qrsondam
1195 1809 1360 1863 euuacitesdrr

307 1907 364 1942 maa
376 1889 437 1941 orbi
450 1901 542 1941 nostro
554 1909 626 1943 nunc
638 1891 766 1961 cognitus.
785 1890 819 1943 Η.
863 1892 1004 1945 sirasirin
1029 1885 1040 1951 (
1059 1903 1088 1943 ut
1111 1890 1293 1960 Dalecampius
1318 1886 1359 1957 legi

307 1998 347 2013 -
359 1970 446 2020 Immo
458 1988 603 2040 numquam
617 1970 726 2035 habuit,
742 1983 772 2023 ut
789 1988 821 2023 ex
863 1969 950 2022 voluit
965 1958 990 2037 )‚
1003 1967 1076 2039 quod
1091 1982 1180 2021 metus
1198 1970 1290 2021 alecto
1304 1984 1361 2018 som·

308 2048 433 2101 omuibus
442 2049 621 2102 recentiorum
634 2050 822 2120 experimentis
863 2066 954 2119 noque
968 2049 1073 2117 pellat?
1089 2067 1151 2101 nam
1165 2060 1191 2100 et
1209 2050 1261 2104 sivi
1271 2059 1295 2099 et
1305 2046 1359 2099 asin

307 2140 391 2198 patet.
404 2128 456 2180 En.
864 2128 949 2180 lectus
962 2126 1071 2180 dicitur.
1095 2128 1239 2180 Salmasius
1252 2128 1278 2179 in
1291 2124 1360 2178 Solia.

351 2224 397 2274 27.
409 2206 520 2259 Adamas
528 2220 553 2258 et
561 2226 653 2259 venena
667 2211 737 2260 irrita
746 2209 823 2276 serait.
866 2206 999 2277 ἀναγκὶτηι
1011 2207 1091 2277 legit,
1102 2226 1130 2278 p.
1150 2206 1232 2271 1085,
1245 2202 1311 2277 quod
1320 2222 1362 2255 nae·

309 2285 430 2350 Solinus,
451 2299 478 2338 et
491 2286 625 2351 Isidorus,
640 2287 705 2341 locis
724 2289 822 2342 citatis.
866 2299 909 2339 tus
922 2284 996 2339 sedet
1011 2308 1018 2337 ε
1033 2304 1095 2337 nam
1111 2299 1212 2339 metum
1231 2286 1288 2348 ille,
1302 2295 1362 2336 sate·

309 2364 438 2420 Albertua
455 2364 497 2417 bis
513 2367 641 2438 amplius,
653 2368 821 2421 loeooitato:
866 2384 966 2437 rosque
984 2364 1067 2417 animi
1085 2366 1215 2428 allectus,
1235 2382 1291 2437 quas
1309 2364 1360 2415 πόθι

313 2472 325 2493 ι
340 2445 495 2518 Dicuntqae
514 2446 602 2518 Magi,
625 2445 699 2516 quod
721 2436 824 2501 lacerto
867 2444 954 2500 Grani
979 2456 1089 2509 vocant,
1115 2444 1228 2515 ἀνάγκας
1256 2438 1362 2516 appellari

309 2525 417 2578 sinistro
431 2525 567 2596 alligatus,
582 2526 650 2578 vales
667 2539 761 2580 contra
775 2528 825 2579 ho·
866 2543 955 2596 posse,
969 2524 1042 2578 credi
1054 2525 1125 2595 oogit
1137 2545 1144 2575 a
1158 2538 1274 2596 paeana,
1283 2521 1361 2594 quibus

310 2615 378 2668 ates,
392 2616 419 2656 et
427 2604 556 2657 insaniam
566 2643 574 2669 ,
584 2618 612 2657 et
622 2605 766 2658 indomitas
777 2607 826 2658 be·
867 2605 912 2658 ille
930 2605 1045 2675 jusserit.
1067 2602 1158 2658 llsnn.
1182 2635 1220 2646 -
1239 2602 1361 2655 Aratum.

311 2682 387 2743 stias,
408 2695 435 2735 et
451 2683 521 2736 feros
534 2683 673 2749 homiues,
688 2698 715 2738 et
732 2698 824 2739 contra
868 2685 941 2737 Brot.
963 2701 995 2735 ex
1017 2683 1091 2736 MSS.
1109 2685 1192 2753 llegg.
1208 2703 1238 2743 a,
1255 2682 1361 2746 3‚5,t.

310 2763 396 2834 jurgia
415 2775 442 2815 et
454 2763 540 2824 rixas,
558 2776 584 2817 et
601 2775 694 2816 eontra
708 2783 824 2824 venena,
868 2767 1003 2826 euaaeiten,
1022 2762 1050 2815 id
1066 2775 1122 2828 est,
1142 2763 1300 2833 sapientem,
1311 2759 1361 2811 abo·

313 2855 340 2895 et
358 2843 478 2894 incursus
495 2843 726 2912 phantasmatum,
744 2858 770 2896 et
788 2844 827 2896 in·
868 2843 967 2896 lentem
979 2842 1211 2906 curas;abuiadiu
1222 2854 1247 2893 et
1261 2837 1360 2900 salaba.

312 2921 453 2974 cuborum.
469 2946 481 2968 ι
500 2919 676 2987 Marbodeus,
689 2923 741 2975 loe.
756 2923 826 2976 citat.
909 2923 985 2974 xvl.
999 2939 1021 2974 r.
1035 2920 1314 2974 tansmisimus.
1323 2915 1359 2970 11.

316 3027 328 3048 ι
339 3001 372 3052 Et
383 3002 469 3052 noetis
479 3002 602 3063 lemures,
614 3012 641 3052 et
651 3002 827 3056 somnisaana
869 3019 926 3072 cap.
944 3003 980 3062 54
992 3013 1020 3052 et
1029 3019 1088 3072 sqq.
1103 3001 1198 3052 Haun.

313 3079 436 3150 repellit,
454 3083 518 3132 Atra
532 3097 632 3141 venena
645 3081 797 3151 fagineae.
812 3108 825 3129 ι
913 3099 939 3132 a.
968 3081 1050 3132 Tertia
1081 3083 1214 3131 aeratos-itas
1239 3074 1359 3145 rutsfi-

355 3161 400 3213 28.
416 3160 453 3211 Et
467 3160 498 3210 od
509 3159 538 3210 id
551 3159 711 3230 qrsidarneura
726 3163 828 3214 aroedi·
869 3160 933 3212 Huc
953 3157 1047 3212 iisdem
1069 3159 1125 3211 lere
1146 3158 1237 3210 verbis
1261 3157 1359 3214 ulnas.

314 3252 354 3289 ten
366 3257 488 3291 exurere.
502 3233 674 3308 Anaohyten,
686 3239 760 3310 quod
774 3242 829 3293 ani·
870 3258 929 3308 sap.
950 3257 996 3299 sv,
1017 3257 1075 3309 pag.
1094 3237 1147 3300 ³5,
1163 3236 1279 3290 Isidorus
1296 3237 1359 3292 item,

314 3317 351 3370 mi
375 3336 515 3370 moerorem
546 3317 684 3383 effundam
710 3313 828 3386 ἀνἰίχυσις
871 3319 948 3388 Orig.
961 3317 1010 3370 lib.
1024 3318 1101 3381 XVI,
1112 3335 1171 3388 cap.
1188 3335 1215 3386 7.
1229 3311 1359 3383 umgduo

314 3397 455 3460 mollities,
469 3397 582 3451 lascivia.
592 3398 625 3448 ln
634 3398 709 3450 MSS.
721 3399 829 3470 legitur,
870 3397 969 3467 absque
993 3397 1093 3466 pressio
1117 3396 1197 3468 sibilo
1215 3389 1358 3448 scribendum

314 3478 458 3528 eumcitem:
469 3476 584 3528 fortassis
594 3477 745 3542 adrastiam,
754 3477 828 3548 quod
871 3495 927 3529 esse
940 3474 1079 3528 contendit
1095 3475 1251 3536 Athanasius,
1263 3474 1303 3525 lib.
1314 3467 1358 3526 111·

316 3555 447 3608 orabituris
463 3567 536 3608 metu
557 3553 679 3626 depulso,
702 3575 830 3609 maerore-
871 3573 932 3627 pag.
954 3560 1006 3624 94,
1018 3553 1090 3625 quod
1104 3555 1154 3606 ἀπὸ
1171 3560 1214 3605 τοῦ
1227 3551 1357 3624 μιρμιίμιιι

315 3651 371 3704 qua
386 3635 489 3698 levato,
503 3653 626 3686 somnum
640 3636 779 3701 oouoiliet,
789 3655 831 3688 re·
872 3635 924 3687 hoo
936 3645 988 3698 est,
1002 3653 1017 3686 a
1035 3631 1179 3704 splendore
1192 3649 1283 3685 nomen
1296 3627 1358 3680 bsbt·

315 3725 404 3766 ereata
418 3713 640 3786 tranquillataque
659 3727 758 3768 ments.
777 3716 829 3768 stit
872 3733 902 3768 re
922 3713 988 3766 vult.
1012 3713 1126 3776 Nostris,
1146 3711 1272 3763 dmemude.
1288 3707 1358 3759 lism-

316 3790 389 3862 quod
397 3791 430 3844 aia
438 3792 500 3859 ἄχη,
510 3791 540 3845 id
549 3806 596 3856 est,
605 3795 738 3856 τὰςλύπας
746 3797 831 3860 παύει,
873 3824 913 3836 -
921 3791 1073 3862 Smaragdis.
1089 3793 1151 3844 Non
1163 3793 1265 3861 ignotus
1276 3787 1318 3839 luit
1326 3799 1359 3832 aa·

317 3870 391 3941 quod
400 3873 482 3924 animi
494 3871 663 3941 aegritudines
673 3886 701 3926 et
714 3875 830 3927 anxieta-
874 3872 954 3943 tiquis
967 3889 1046 3924 verus
1056 3870 1217 3941 smaragdus,
1226 3887 1253 3921 ao
1264 3863 1357 3938 pateat!

317 3949 437 4003 tesaedat
449 3963 475 4003 et
490 3949 608 4004 discutit.
624 3954 692 4006 Dar..
704 3983 745 3996 --
758 3954 828 4006 Aua·
871 3951 979 4014 viridis,
996 3963 1026 4004 ut
1046 3949 1152 4004 videtur
1172 3967 1206 4002 ex
1224 3945 1293 4000 Plinii
1307 3939 1357 3993 ²1¹⁰·

319 4029 404 4082 duan.
424 4029 468 4083 Sis
484 4031 546 4084 libri
564 4031 619 4085 lere
639 4050 734 4086 omnes
752 4031 828 4086 editi.
872 4049 986 4102 rumque
996 4029 1357 4101 descripuonisus,ergemo¹³
