2950 5000
338 444 408 518 566
607 448 645 515 C.
672 446 839 541 PLINII
863 447 972 517 ΝΑΤ.
1000 447 1128 515 HIST.

335 595 507 674 gmentum
540 578 703 649 inclusum
730 580 837 666 ferro,
862 602 902 647 ao
919 578 1024 673 digito
1048 576 1297 656 circumdatum,
1316 576 1371 645 bor

334 686 436 756 firisse
457 672 624 773 anuluml,
641 700 676 755 et
695 686 760 755 boc
779 708 955 781 gemmam.

303 822 315 856 t
388 796 433 861 lI.
450 782 478 885 (r
482 781 605 883 .)His
598 792 694 860 mitiis
710 793 814 886 eoepit
830 792 1026 885 auctoritas,
1053 791 1088 857 in
1108 803 1234 859 tantum
1250 812 1370 872 amonem

334 896 437 984 elata,
452 912 491 966 ut
511 897 675 991 Polycrati
697 896 826 966 Sarnio¹
852 920 968 965 severo
985 894 1168 965 insularum
1190 919 1226 965 ao
1250 894 1370 964 littorum

333 1018 495 1122 tyranno,
518 1002 681 1073 felicitatis
706 1028 787 1087 suae,
817 1028 917 1098 quarn
937 1002 1071 1071 nimiam
1101 998 1277 1070 fatebatur¹
1294 1001 1370 1068 etiam

335 1110 420 1204 ipse,
451 1111 528 1178 satis
546 1110 703 1229 piamenti
728 1111 763 1177 in
787 1111 884 1177 unius
905 1132 1044 1201 gemmae
1071 1105 1254 1175 voluntario
1275 1105 1372 1173 damno

331 1216 557 1299 videretur,
532 1241 559 1283 ss
580 1240 657 1285 cum
671 1213 1031 1283 fortunaevolubilitate
1045 1214 1137 1307 paria
1156 1196 1306 1281 lacerets
1300 1208 1372 1303 ··pla

331 1346 440 1415 neque
460 1321 534 1389 ab
524 1321 699 1390 invidia
671 1345 741 1414 ejus
763 1320 896 1389 abunde
916 1345 950 1389 se
969 1318 1086 1388 redimi
1110 1306 1258 1413 putaret,
1282 1342 1306 1385 ss
1299 1316 1373 1383 hoc

299 1451 441 1499 sunum
467 1424 635 1497 doluisset
657 1426 802 1495 Assiduo
827 1450 907 1521 ergo
937 1425 1059 1519 gaudio
1084 1423 1207 1509 lassus,
1235 1422 1374 1543 proiectus

333 1534 468 1627 navigio
489 1534 525 1615 in
545 1532 664 1618 altum,
690 1529 828 1601 anulum
847 1533 972 1602 mersit.
990 1535 1035 1601 At
1056 1529 1200 1599 illum
1168 1532 1264 1623 piscis
1281 1528 1374 1597 eximia

334 1637 561 1734 magnitudine
587 1640 658 1733 regi
686 1652 801 1722 uatus,
814 1640 816 1646 ’
831 1654 915 1707 esum
937 1638 1010 1707 viee
1035 1650 1191 1731 raptum,
1215 1650 1254 1705 ut
1275 1635 1374 1703 laceret

333 1760 517 1826 ostentum,
539 1746 573 1813 in
592 1743 737 1814 culinam
763 1743 889 1813 domini
910 1767 1025 1813 rursus
1049 1745 1205 1811 Fortuna
1225 1739 1375 1811 insidiantis

333 1875 435 1920 manu
453 1837 621 1919 redditid.
640 1836 907 1980 Sardonyohem⁵
925 1873 997 1918 eam
1021 1872 1188 1943 gemmam
1206 1847 1298 1917 fuisse
1313 1869 1374 1914 eon·

333 1969 421 2027 stat:
442 1956 686 2051 ostenduntque
706 1942 854 2045 Romae⁶,
870 1958 898 2025 si
919 1954 1107 2041 credimus,
1130 1950 1374 2023 Concordiede

332 2105 455 2179 diginus,
468 2108 516 2161 lib.
525 2109 566 2160 vt
573 2126 651 2180 ,esp
666 2126 710 2178 19.
724 2108 844 2161 Dar..-
887 2107 1016 2161 Referunt
1033 2108 1105 2160 hano
1123 2108 1260 2160 historiam
1279 2115 1376 2157 ructaret

332 2187 428 2241 Foruli.
449 2188 564 2242 Infeliei.
586 2189 627 2241 Ita
646 2187 708 2242 libri
727 2206 842 2241 omnes:
887 2186 932 2241 alii
946 2187 1203 2258 appellatiauobis,
1214 2187 1260 2240 lib.
1269 2181 1376 2244 xxxin,

332 2285 387 2319 non
394 2266 713 2339 ,nequibutdamptacen
718 2267 799 2333 fissili.
809 2266 842 2320 H.
887 2286 946 2339 cap.
959 2270 985 2319 6
997 2266 1091 2320 liano.

375 2353 400 2409 4.
417 2348 473 2399 Hoc
484 2348 565 2412 fuisse
581 2348 686 2398 αιιιιΙιιιιι.
708 2346 843 2399 Sententia
928 2350 955 2409 d
974 2346 1091 2399 Fortuna
1104 2346 1242 2399 rmids'antr's
1258 2362 1321 2395 nsua
1335 2338 1377 2391 rd-

332 2437 387 2487 est,
404 2426 505 2479 tersum
524 2425 609 2496 digito
631 2424 842 2490 circumdatum,
882 2426 959 2479 ιί·ι“ι1ι“ι.
985 2424 1158 2478 Meminimus
1182 2444 1214 2478 ex
1244 2420 1375 2477 Strabonis,

331 2507 406 2560 anuli
425 2506 509 2560 vioem
532 2506 675 2576 prebuisse
689 2527 696 2557 ε
712 2525 843 2577 gemmas,
886 2506 995 2576 opinor,
1012 2505 1060 2558 lib.
1077 2507 1155 2568 XIV,
1173 2525 1189 2560 s
1206 2505 1376 2558 Pennus·

332 2585 387 2638 sari
409 2586 585 2656 fragmentum
609 2586 681 2638 ferro
702 2587 843 2638 inclusum.
886 2598 960 2658 trapa
980 2584 1045 2638 dolo
1068 2599 1193 2656 captum,
1210 2597 1236 2637 et
1255 2577 1376 2650 suspendio

332 2663 368 2716 H.
381 2695 420 2704 -—
433 2667 487 2717 Hoc
494 2665 574 2732 faisse
590 2665 696 2717 amalum.
715 2665 800 2718 Gron.
817 2678 843 2718 et
884 2679 1016 2719 necatum.
1031 2663 1135 2717 Dauno.
1153 2696 1194 2706 -
1209 2663 1315 2716 Fortuna
1328 2661 1375 2711 ust-

333 2743 375 2795 ΑΙ.
392 2757 454 2796 ante
470 2742 552 2796 Hard.
572 2743 651 2814 digito
672 2745 843 2796 circumdatum
885 2745 983 2797 dianus.
1002 2743 1167 2797 Blandientis
1186 2761 1256 2795 nuno
1270 2737 1376 2811 quidemr

330 2824 727 2893 mun‚0et0c5mmm.1tn.
885 2821 931 2877 sed
941 2823 1021 2896 paulo
1032 2841 1095 2875 mox
1106 2839 1199 2876 ueoem
1210 2820 1375 2881 molientis,nt

369 2904 409 2955 11.
428 2921 452 2956 ι.
467 2904 593 2974 Polycrati
609 2901 702 2955 Samio.
714 2899 786 2954 Vide
798 2921 842 2955 su·
885 2901 1000 2956 diximus
1010 2903 1056 2954 lib.
1070 2903 1210 2964 xxxin,
1223 2919 1278 2971 esp.
1293 2901 1316 2952 6.
1329 2897 1359 2948 ll·

328 2999 378 3051 pra
388 2983 549 3047 tinxxxl,
560 3001 617 3051 esp.
633 2982 756 3044 13Vsler.
768 2983 842 3037 Max.
926 2981 953 3036 5.
974 2981 1160 3050 Sardonychas.
1179 2983 1218 3034 Ita
1232 2993 1257 3032 et
1271 2978 1374 3036 Solinus,

297 3059 301 3068 ’
328 3061 379 3115 lib.
396 3062 450 3127 Vl,
472 3080 531 3133 esp.
544 3062 631 3114 ultim.
640 3061 701 3113 Tali
717 3061 841 3126 historia,
884 3077 944 3132 esp.
961 3079 1067 3125 xxxin,
1083 3080 1144 3132 pag.
1162 3061 1210 3114 63.
1224 3054 1373 3127 smannens

328 3141 372 3192 vel
382 3141 470 3212 potius
479 3141 581 3202 fabula,
590 3139 663 3211 apud
673 3140 841 3207 Pausaniam,
885 3140 928 3192 alii
945 3142 1020 3193 siunt
1039 3141 1134 3205 fuisse,
1148 3139 1219 3192 intes
1232 3157 1292 3210 quos
1305 3135 1373 3187 liero-

328 3218 378 3272 lib.
394 3221 422 3282 I,
431 3221 548 3272 Theseus
564 3239 699 3290 gemmam,
708 3221 841 3286 caelatam,
883 3217 963 3272 dotus
973 3220 1000 3272 in
1011 3220 1122 3284 Thalia,
1134 3219 1182 3272 lib.
1197 3220 1252 3278 III,
1261 3235 1325 3270 unm.
1335 3219 1371 3276 tt,

329 3316 409 3369 quam
427 3300 514 3351 Ilissos
529 3300 568 3352 ira
585 3302 702 3370 percitus
719 3300 748 3352 iu
769 3317 841 3352 mare
884 3301 1021 3370 pag-178.
1042 3299 1076 3351 ll.
1091 3330 1131 3342 -
1150 3300 1193 3351 De
1208 3293 1333 3368 smaragdo
1350 3301 1372 3343 tt

217 3383 222 3390 '
328 3377 642 3447 projecemt‚densersus
655 3380 755 3432 retulit.
771 3380 839 3432 Das..
883 3377 1050 3448 sardonyche
1067 3379 1139 3432 ooul.
1153 3379 1226 3432 inira
1242 3395 1296 3448 esp.
1313 3381 1372 3442 17³1

372 3477 398 3510 s.
419 3459 554 3509 Felicitatis
570 3450 636 3520 sats,
656 3462 840 3531 quaternitatum
887 3458 931 3511 23.
945 3460 999 3512 En.

322 3536 459 3603 fatebatur.
467 3538 710 3592 Felicitatesusuatn
719 3538 839 3591 satiemi·
925 3540 952 3590 6.
981 3535 1161 3609 ostenduntque
1189 3535 1280 3590 Rome.
1302 3533 1371 3584 llere·

326 3615 677 3681 mneudamarbitratusest,
688 3635 838 3670 unameans
881 3613 946 3669 doto
971 3618 1018 3687 qui
1042 3615 1210 3687 smaragdum
1235 3615 1307 3668 luisse
1328 3608 1369 3666 tit

328 3713 461 3764 gemmam
470 3716 492 3748 rs
503 3709 599 3768 sponte
611 3657 745 3768 perderet,
756 3715 777 3748 ss
771 3697 839 3750 hoo
882 3695 1052 3748 eonsentiuut
1074 3696 1227 3759 Pausanias,
1250 3689 1370 3760 Dionysius

327 3775 442 3828 fortunas
467 3795 572 3848 semper
597 3777 661 3830 alias
689 3773 838 3830 blandienti
883 3770 1371 3843 Halicarnasseunsmdm,alitquetm

325 3854 402 3923 qussi
415 3855 529 3909 vicissim
543 3853 675 3918 traderet,
686 3873 722 3908 ne
733 3857 762 3907 iu
780 3856 839 3910 aliis
882 3867 938 3907 erat
959 3873 1023 3925 ergo
1042 3854 1189 3924 Polycratis
1202 3869 1307 3924 gemma,
1320 3863 1368 3916 qua

324 3933 407 3990 mbos
420 3935 557 3988 adversam
570 3935 687 3988 sentiret.
698 3936 790 3988 Harsa.
881 3934 973 3987 Romu
981 3931 1180 3996 ostendebatur,
1193 3945 1221 3985 ut
1234 3944 1257 3984 st
1267 3945 1318 3981 asos
1332 3925 1365 3976 in·

367 4011 394 4064 6.
410 4014 489 4066 Parta
501 4017 604 4081 secent.
621 4015 743 4067 Diximus
754 4013 789 4067 de
805 4031 836 4068 ea
881 4014 921 4067 ira
931 4019 1016 4085 oapi
1031 4010 1225 4078 observandum
1237 4010 1287 4062 luit
1296 4001 1357 4057 conf.

255 4148 260 4156 „
324 4091 410 4147 torma
430 4093 558 4165 loquendi
577 4094 625 4147 lib.
646 4095 768 4164 11,·csp.
786 4097 834 4149 88.
880 4092 1215 4148 Brotnotusdbuneloe.
1227 4089 1273 4142 nn.
