2950 5000
436 450 594 520 mrsu
617 449 777 518 xxxv,
861 438 867 449 ·
1073 449 1144 542 4²7

97 570 198 653 blium⁵
220 583 362 653 mimicae
379 606 487 654 scene
503 581 729 670 conditorem,
747 595 782 650 et
803 565 1009 676 astrologiae⁶
1029 604 1147 650 conso-

96 691 209 760 brinum
244 689 315 785 ejus
347 687 523 760 Manilium
554 689 781 776 Antiochum,
812 689 892 757 item
920 688 1145 782 grammatices

94 797 280 867 Staberium⁷
294 799 452 879 Erotem,
466 796 580 867 eadem
598 821 683 866 nave
697 795 855 865 advectos
868 779 1000 863 videre⁸
1016 794 1143 889 proavi.

95 897 209 994 (xvnr.)
221 902 376 998 Sedquid
387 904 451 976 hos
463 903 572 974 refero
587 901 698 997 aliquo
714 901 900 972 litterarum
914 900 1044 970 honore
1057 925 1145 972 com·
1163 933 1177 966 2

94 1008 269 1080 mundatos?
280 1009 393 1080 Talem
404 1008 593 1080 inuatastu⁹
612 1009 725 1078 videre
739 1005 1024 1102 Chrysogonum¹⁰
1036 1004 1144 1101 sylis,

93 1117 298 1212 Amphionem
320 1118 363 1208 Q.
380 1115 534 1197 Catuli¹'‚
563 1119 732 1187 Heronem
760 1118 800 1185 L.
818 1111 998 1200 Luculli¹²,
1018 1115 1145 1182 Deme·

126 1311 149 1365 5.
163 1310 283 1366 Putas.
297 1309 367 1378 Quis
379 1312 461 1366 fuerit
475 1311 520 1366 hic
533 1311 587 1364 Pu·
630 1309 745 1382 Syllanis
756 1309 969 1381 proscriptorum
980 1307 1078 1362 liberos
1087 1327 1147 1380 gnt-

93 1389 165 1455 blius,
177 1389 263 1445 sdhue
278 1389 473 1462 inexploratum
485 1409 589 1462 :neque
632 1389 679 1451 tis,
696 1403 722 1443 et
740 1389 796 1442 siue
810 1385 933 1442 mercede
946 1387 1000 1440 ulla
1021 1387 1050 1441 iu
1066 1386 1146 1442 disci·

92 1471 152 1522 euim
164 1471 243 1542 Syrus
257 1470 304 1524 ille
317 1470 520 1542 mimographus
535 1487 590 1523 csse
631 1469 733 1542 plinam
747 1467 888 1539 receperit.
903 1492 914 1515 ι
933 1467 1026 1521 Haun.

91 1551 415 1622 potest,quitesnporibus
426 1551 539 1622 Augusti
549 1549 591 1604 in·
673 1551 700 1606 8.
724 1549 821 1602 Eadem
844 1567 905 1602 nasa
929 1547 1040 1602 «dmm
1063 1547 1149 1602 villere

91 1629 272 1702 olsruit:queus
280 1649 336 1684 uon
347 1628 428 1684 modo
437 1631 518 1684 Plinii
527 1649 591 1702 pro-
628 1631 722 1702 pressi.
739 1628 810 1682 Hine
831 1645 926 1681 eorurn
948 1627 1069 1680 omnium
1086 1638 1148 1682 tetes

91 1727 145 1762 urus
157 1709 261 1776 ridere,
285 1707 332 1764 sed
348 1723 376 1764 et
398 1723 474 1782 puter
488 1710 588 1782 potuit.
632 1707 800 1780 intelligitur,
809 1710 838 1761 iu
854 1719 959 1779 tempus
970 1707 1026 1759 fere
1037 1705 1148 1762 devicte

91 1789 187 1860 inlleg.
202 1809 216 1844 a
231 1787 294 1844 eod.
317 1789 431 1842 Publium
454 1791 587 1853 britium,
632 1787 798 1859 Carthaginis
808 1785 945 1848 incidisse.
957 1787 1010 1839 hoc
1022 1799 1075 1848 eat,
1087 1798 1148 1840 aute

91 1869 117 1920 lu
129 1870 242 1924 colbert.
257 1867 290 1932 ³,
303 1870 336 1924 P.
352 1871 471 1924 Lucilium
482 1871 589 1942 legitur.
632 1887 716 1924 anuos
726 1867 834 1922 circiter
847 1885 903 1922 aso
913 1883 996 1937 quam
1010 1865 1069 1920 bne
1080 1866 1147 1920 suri·

91 1947 173 2002 lisso.
182 1979 220 1990 —
229 1950 305 2003 Brut.
321 1967 353 2004 ex
366 1951 447 2022 liegg.
459 1948 538 2003 codd.
556 1948 590 2015 3,
631 1949 706 2002 heret
721 1947 840 2001 Plinius:
853 1947 901 2018 qui
915 1946 964 2002 lib.
977 1965 1032 2017 seq.
1043 1964 1102 2018 cap.
1118 1953 1148 2013 4,

92 2028 119 2091 5,
132 2029 240 2084 rutum
251 2029 388 2094 lucidius,-
400 2029 468 2082 forte
480 2028 591 2083 Publius
632 2046 647 2081 a
659 2040 758 2098 nepote
767 2025 801 2079 ad
817 2043 948 2098 proururu
959 2045 994 2078 ux
1007 2025 1147 2098 Olympia·

90 2107 164 2178 Sprus
179 2109 393 2181 mimographus,
403 2111 478 2182 cujus
490 2120 592 2162 exstant
632 2105 678 2160 das
691 2119 824 2160 numerat.
841 2106 875 2158 Η.
890 2135 931 2148 -·
950 2105 1038 2158 Viden
1050 2111 1146 2176 prosri.

90 2189 223 2243 sententie.
237 2189 290 2242 En.
633 2187 712 2241 Circa
737 2185 847 2240 Sullana
871 2197 1012 2256 tempora,
1035 2185 1146 2238 minime

124 2271 148 2320 6.
162 2269 200 2322 Et
224 2269 374 2339 astrologice.
395 2267 591 2339 subintellige,
632 2285 696 2320 vero
711 2265 782 2320 bello
798 2265 900 2319 Punico
913 2265 1046 2330 tertio,ut
1061 2265 1148 2319 voluit

90 2346 253 2402 conditorem.
269 2345 340 2402 Cave
353 2359 441 2402 umen
457 2348 591 2401 existimes
633 2343 716 2400 Hard.
725 2365 806 2418 quem
817 2340 944 2417 sequutm
953 2358 993 2398 est
1003 2344 1146 2398 Bentleius.

89 2445 141 2480 euru
148 2429 301 2501 esse,cujus
311 2427 519 2482 Astrouomicou
528 2427 590 2480 libri
634 2423 686 2480 Sed
700 2425 757 2478 huc
773 2425 801 2477 in
813 2438 905 2478 nostra
921 2437 1046 2478 notarum
1060 2424 1148 2477 brevi-

89 2509 400 2581 erstant:quumisqtsem
409 2508 592 2563 Pliniuanunc
632 2504 1146 2577 tateiusiusnonlicetperseqni.Bno·r.
1222 2510 1228 2518 “

89 2590 209 2659 appellat,
220 2588 306 2643 multo
318 2590 351 2643 sit
363 2588 500 2658 vetustior,
512 2587 592 2660 quip-
674 2606 701 2655 9.
713 2587 797 2639 Talem
807 2589 833 2638 in
844 2596 948 2637 catasta.
960 2586 1063 2639 Cntnsta
1074 2584 1149 2639 locus

88 2686 117 2737 pe
127 2669 170 2740 qni
183 2668 261 2723 Plinii
279 2681 383 2723 tanturn
395 2668 502 2741 prosris
513 2680 593 2721 notus
633 2666 696 2733 luit,
706 2666 734 2719 in
744 2684 799 2738 quo
808 2665 876 2719 servi
886 2665 999 2727 venales,
1010 2682 1148 2737 gypsoque

88 2746 170 2811 fuerit,
190 2767 222 2803 ac
235 2747 307 2803 bello
328 2748 430 2802 Punico
446 2748 541 2814 tertio,
562 2759 592 2800 ut
633 2746 676 2801 rel
698 2760 769 2799 creta
791 2744 893 2811 notati,
913 2744 1149 2811 custodiebantur,

88 2842 142 2881 mox
151 2827 278 2882 dicemus.
292 2826 344 2882 Sed
358 2840 384 2881 et
394 2838 531 2882 externum
543 2826 593 2879 ho·
634 2839 661 2881 et
673 2824 822 2879 venditioni
845 2824 1059 2896 exponebantur.
1076 2822 1148 2877 Vide

88 2906 178 2961 niuem
192 2908 265 2960 hunc
287 2907 378 2967 luisse,
394 2908 481 2979 ipsum
494 2906 592 2959 Antio·
633 2904 801 2959 Thesaurnm
814 2904 925 2977 Lingute
937 2904 1046 2958 Latine.
1059 2902 1094 2957 Η.
1107 2934 1148 2945 -

88 2984 124 3038 thi
136 3006 233 3040 nomeu
248 2984 374 3041 declarat.
387 2986 592 3040 tt-Manum
633 2986 665 3039 In
680 2997 786 3037 catasta.
801 2984 899 3055 Pegma
912 2983 962 3037 tuit
975 2982 1107 3056 ligneum,
1119 2982 1147 3035 in

88 3066 233 3119 Antiochum,
248 3065 335 3137 liujus
346 3066 450 3121 Manilii
460 3064 592 3119 Antiochi
634 3085 688 3137 qno
709 3064 779 3118 servi
803 3064 909 3117 venales
935 3064 1147 3135 exponebantur.

87 3144 150 3199 lilius
162 3146 228 3200 mibi
244 3144 349 3199 videtur
363 3146 442 3201 luisse
457 3145 494 3199 M.
504 3146 592 3199 Mani·
633 3146 713 3199 Teste
726 3146 798 3196 enirn
820 3142 965 3197 Scholiaste
980 3142 1079 3207 Persii,
1094 3144 1147 3197 Sat.

87 3222 132 3279 lius
141 3227 185 3296 qui
195 3244 303 3279 carmen
316 3226 423 3297 scripsit
435 3224 591 3279 astronomi·
635 3224 690 3289 VI,
710 3243 758 3296 77,
784 3221 882 3294 «spud
900 3222 1024 3294 antiquos
1044 3222 1149 3275 rensles

88 3322 156 3370 eum;
170 3304 290 3377 illudque
305 3318 366 3377 poet
381 3305 525 3359 Varianam
538 3306 592 3359 cla·
633 3303 791 3377 gladiatores
804 3302 833 3355 in
849 3314 945 3356 catusta
968 3303 1146 3373 ponebantur,

87 3380 141 3437 dem
155 3386 273 3459 Augusto
288 3384 432 3457 inscripsit.
447 3384 530 3439 liuor.
634 3397 665 3438 ut
676 3384 704 3438 iu
714 3383 752 3437 eis
760 3392 868 3454 possent
878 3382 969 3436 omnia
981 3382 1100 3436 membra
1112 3382 1150 3434 iu·

122 3484 148 3535 7.
162 3464 308 3518 Staberium.
324 3466 369 3519 sic
383 3465 460 3519 MSS.
479 3483 592 3530 omnes,
635 3464 731 3536 spici.»
751 3464 836 3516 Bner.

86 3560 134 3595 uon
150 3545 287 3600 raterium.
298 3545 409 3599 Sueten.
422 3542 456 3598 de
468 3543 591 3598 illustrib.
680 3563 721 3598 ro.
737 3542 918 3615 Chrysogonum
928 3538 1013 3615 Sylla.
1024 3540 1104 3614 Syllsr
1116 3540 1149 3594 li·

87 3616 198 3679 Grarirm.
213 3624 246 3679 13
259 3624 416 3691 :aLaberius
426 3624 505 3679 llieru
518 3616 592 3695 (lege
636 3624 742 3677 herturn
750 3664 759 3690 ,
773 3635 899 3676 sectorem
912 3621 1000 3675 Roscii
1014 3620 1149 3687 Amerini,

87 3719 115 3755 es
131 3704 233 3771 Plinio,
253 3703 380 3757 Secheries
396 3698 475 3769 Eros)
485 3724 534 3759 suo
544 3702 593 3757 he·
637 3716 666 3757 ut
679 3716 716 3757 est
730 3702 804 3775 apud
820 3701 954 3768 Tullium,
967 3700 996 3755 in
1010 3713 1077 3755 orst.
1096 3720 1147 3773 pro

87 3798 115 3833 ro
128 3797 232 3855 emptus
252 3780 287 3837 de
309 3797 421 3851 catasta,
440 3798 467 3838 et
481 3796 593 3856 propter
637 3781 746 3837 Roscio.
759 3784 849 3836 llsno.

87 3860 226 3916 litterarum
251 3861 368 3917 studium
397 3864 594 3933 manumissus,
681 3858 1149 3929 11.caruuQ.1.uurttcuutt,qui

87 3937 171 3997 docuit
181 3942 252 3996 inter
260 3954 368 3997 osterse
377 3945 487 3997 lirutum
499 3956 525 3997 et
534 3944 595 3997 Cas·
637 3954 700 4015 post
711 3943 792 4013 Sylla
801 3942 921 4003 obitum,
932 3939 1094 4011 Cupitolium
1106 3938 1150 3991 de·

88 4022 159 4074 sium.
172 4022 241 4075 Sunt
254 4022 301 4093 qui
327 4022 431 4077 tradant
445 4034 516 4077 tantu
532 4041 593 4076 eum
637 4021 746 4077 dicarit.
761 4022 870 4093 Egimua
880 4018 915 4073 de
929 4038 961 4071 eo
975 4019 1078 4091 arepius.
1092 4018 1128 4071 li.

87 4098 216 4157 honestate
225 4099 380 4173 preditum,
389 4116 418 4158 ut
427 4102 594 4173 temporibus
681 4120 725 4156 ra.
749 4102 780 4156 1..
792 4101 899 4155 Luculli.
917 4100 981 4171 Ejus
995 4099 1040 4167 qui
1055 4110 1149 4151 contra
