2950 5000
342 411 414 498 466
609 413 648 480 C.
674 411 844 482 PLlNll
870 409 979 479 NAT.
1007 411 1140 480 HIST.

342 531 476 631 lnd0s⁴‚
496 569 564 637 quo
587 544 783 636 margaritas
804 566 936 635 quoque
957 543 1024 636 peti
1042 544 1165 612 severis
1191 541 1331 612 moribus
1347 544 1392 611 in·

311 694 324 727 2
343 652 480 746 dignum
492 664 575 718 erat.
589 652 671 718 Haec
682 649 833 743 proxime
845 633 1033 716 laudatur⁵:
1049 647 1181 718 mollior
1195 663 1320 735 umen,
1331 673 1395 742 quta

343 758 540 851 AEthiopica.
572 753 634 823 Illa
660 752 752 823 nulla
778 754 929 823 scabritie
950 769 1059 824 secat:
1088 754 1196 824 indica
1222 780 1289 825 non
1314 779 1394 849 arque

283 901 286 906 ·
344 863 496 958 laevigat:
523 860 581 931 scd
599 885 639 929 ea
659 859 835 930 combusta
856 859 1016 954 polientes
1032 885 1199 930 marmora
1216 861 1333 930 fricare
1350 863 1395 954 ju·

344 969 475 1038 bentnr.
492 966 605 1037 Simile
620 979 655 1034 et
672 967 785 1035 Naxiae
800 967 916 1034 vitium
933 981 999 1052 est,
1020 981 1054 1035 et
1074 953 1240 1061 Coptidi⁶‚
1255 993 1328 1062 qnae
1345 992 1394 1035 ro

343 1090 440 1144 catur
462 1075 633 1168 AEgyptiaae
656 1074 737 1142 Hac
765 1071 858 1140 fuere
879 1073 1014 1166 antiqua
1040 1096 1163 1167 genera
1189 1073 1396 1142 marmoribus

276 1245 286 1274 ,
343 1178 503 1250 secandis.
522 1183 641 1249 Postea
662 1191 794 1272 reperta
815 1193 865 1248 est
887 1201 987 1248 arena
1006 1203 1075 1248 non
1092 1181 1202 1248 minus
1217 1178 1394 1274 probanda,

342 1312 385 1355 ex
399 1285 545 1381 quodam
559 1285 718 1354 Adriatici
731 1287 834 1354 maris
848 1283 954 1372 vado,
968 1299 1049 1356 aestu
1069 1285 1236 1369 nudante,
1255 1285 1395 1355 observa·

308 1417 324 1468 3
343 1394 433 1461 tione
451 1418 520 1461 non
541 1390 638 1462 facili.
664 1393 738 1460 Jarn
759 1389 892 1484 quidem
912 1415 1123 1486 quacumque
1144 1415 1245 1459 arena
1263 1415 1396 1461 secame

342 1498 451 1568 fluviis
464 1497 620 1567 omnibus
631 1496 722 1566 fraus
731 1496 898 1565 artificum
912 1521 990 1567 ausa
1002 1513 1052 1568 est
1066 1523 1074 1565 τ
1092 1497 1184 1591 quod
1199 1497 1394 1593 dispendium

342 1603 524 1674 admodum
534 1605 632 1697 pauci
644 1601 840 1696 intelligunt
854 1605 1006 1674 Crassior
1016 1604 1106 1673 enirn
1121 1627 1224 1672 arena
1232 1603 1396 1672 laxioribus

342 1713 520 1805 segmentis
543 1711 636 1794 terit,
657 1722 692 1777 ct
710 1707 785 1803 plus
801 1709 909 1778 erodit
925 1712 1117 1796 marmoris,
1140 1711 1312 1804 majusque
1326 1733 1396 1803 opus

341 1817 513 1886 scabritia⁷
523 1815 676 1910 politurae
692 1813 858 1908 relinquit.
873 1818 925 1885 Ita
939 1830 1037 1886 secte
1050 1830 1268 1885 attenuantur
1285 1829 1395 1885 crusta

342 1925 535 2016 Rursusque
552 1921 719 1990 Thebaica
747 1919 897 2015 polituris
922 1921 1206 2008 accommodatur,
1227 1937 1262 1991 et
1280 1945 1349 2016 qua
1366 1921 1395 1988 fit

342 2055 360 2097 e
380 2053 464 2122 poro
481 2026 607 2122 lapide,
628 2041 688 2095 aut
707 2051 727 2095 e
748 2028 889 2120 pumice.
940 2071 947 2082 ·

310 2176 321 2209 ι
395 2137 438 2203 Χ.
455 2127 549 2222 (vu.)
564 2135 705 2227 Signise
722 2157 889 2202 marmore
902 2131 1081 2228 poliendis,
1098 2135 1304 2230 gemmisque
1314 2134 1395 2202 etiam

343 2238 529 2335 scalpendis
545 2251 645 2332 atque
664 2236 836 2324 limandis,
858 2236 1001 2308 Naxium
1021 2236 1079 2306 diu
1097 2239 1226 2335 placuit
1241 2253 1317 2308 ante
1332 2236 1394 2306 alia:

344 2350 392 2415 ita
408 2359 573 2416 vocantur
590 2357 682 2413 cotes
696 2344 731 2412 in
749 2343 880 2440 Cypro¹
892 2343 998 2416 insula
1016 2349 1144 2438 genita.
1165 2349 1287 2418 Vicere
1300 2359 1396 2440 postea

342 2478 383 2521 ex
402 2452 558 2522 Armenia
576 2447 708 2520 vectae'.

397 2561 459 2629 xl.
478 2560 685 2627 Marmorurn
707 2580 829 2652 genera
846 2572 880 2626 et
896 2556 1024 2628 colores
1038 2584 1106 2627 non
1122 2560 1244 2627 attinet
1258 2557 1395 2627 dicer-ein

346 2681 435 2736 tanta
453 2666 591 2734 notitia:
610 2687 672 2732 nec
692 2660 788 2733 facile
808 2678 858 2733 est
878 2688 1074 2735 enumerare
1095 2667 1129 2732 in
1148 2678 1243 2733 tanta
1268 2662 1395 2733 multitu·

343 2774 430 2842 dine.
451 2773 566 2860 Quoto
587 2772 706 2863 cuique
726 2770 815 2838 enim
835 2768 928 2838 locu¹
947 2794 1015 2838 non
1036 2796 1133 2839 suum
1154 2794 1305 2841 marmor
1321 2773 1394 2837 inre·

311 2616 322 2649 1

343 2943 443 3015 glebis,
456 2942 542 2996 fauere
552 2940 650 3012 polita,
663 2952 689 2993 st
700 2938 802 2993 adibus
811 2956 856 2993 or·
899 2941 997 2998 litura,
1011 2958 1070 3011 qua
1077 2940 1109 2993 lit
1118 2953 1177 3012 post
1187 2942 1333 2995 maionem
1342 2956 1396 2993 naar·

344 3021 440 3077 nandis
452 3020 556 3073 idonea.
570 3020 662 3073 Hnn.
901 3020 992 3073 moris.
1013 3020 1103 3073 llaan.

387 3103 640 3165 admemoriam
651 3098 857 3164 ialndomruda,
941 3097 976 3152 X.
998 3114 1023 3153 t.
1040 3100 1112 3153 Coras
1127 3104 1153 3151 in
1171 3100 1266 3172 Cypro.
1278 3102 1309 3155 ln
1321 3100 1395 3171 Cypro

338 3194 397 3235 otc.
408 3171 563 3249 (ueprius).
572 3178 855 3244 Scribe‚·itnrnoraro
898 3178 1121 3252 quidamganitas,
1130 3178 1178 3233 aad
1187 3198 1224 3233 ea
1236 3178 1335 3253 oppido
1345 3180 1395 3232 tre·

346 3258 542 3329 inlisumque
551 3257 855 3330 margaritaapatimtc.»
899 3258 1395 3331 tnNaaombiparaaiaaaaooonrima

346 3358 380 3392 ex
395 3352 485 3392 retem
504 3336 597 3392 codice
613 3356 621 3391 ε
639 3349 667 3390 et
685 3338 775 3390 atatim
795 3350 857 3390 anta
900 3340 1073 3405 rimosam,
1085 3334 1394 3394 Romamadaactam&

346 3416 554 3474 commodiorem
564 3436 626 3471 reor
636 3416 780 3470 lectionem
792 3436 858 3470 saco·
900 3418 979 3472 Naaii
989 3436 1098 3471 noman.
1111 3417 1210 3473 Snidas
1222 3436 1229 3471 s
1242 3422 1321 3483 Νιξὶι
1333 3418 1394 3475 Ua·

347 3498 596 3569 nt,quamsaoerat.
613 3498 693 3550 Pras.
899 3498 1043 3569 alternat
1066 3499 1149 3555 dadan.
1173 3499 1257 3563 Νάξος
1279 3500 1323 3569 γὰρ
1340 3498 1393 3551 'slat

388 3578 608 3648 &1100me
619 3576 744 3629 laudatur.
764 3575 873 3629 Indica.
901 3578 1012 3648 Κρήτης.
1025 3576 1069 3631 Sic
1082 3576 1163 3630 licum
1182 3576 1300 3649 Cypriam
1311 3590 1393 3630 nanu·

345 3658 588 3730 poatAEtlriopiaam
594 3656 716 3729 proxima
724 3654 856 3711 laudatur.
900 3657 959 3729 pari
974 3657 1002 3708 in
1015 3658 1095 3711 Creta
1107 3656 1310 3729 Theophrastus
1320 3666 1393 3710 anau

346 3738 438 3791 Haan.
901 3748 953 3801 eat,
968 3736 1096 3807 quoniam
1110 3754 1143 3790 ao
1154 3754 1170 3790 e
1181 3738 1278 3809 Cypro
1285 3733 1393 3795 naath.

386 3820 414 3871 6.
425 3818 464 3869 Et
477 3814 585 3884 Coptidr‘.
598 3816 622 3867 E
633 3814 722 3886 Copto
733 3814 859 3870 ridalioat
901 3816 971 3871 nur.
985 3816 1070 3870 Plana.
1083 3814 1132 3871 lib.
1144 3817 1196 3880 tu,
1208 3836 1269 3889 up.
1282 3838 1305 3871 s.
1319 3817 1391 3867 unu.

346 3896 454 3967 AEgypti
466 3895 582 3966 oppido.
595 3894 689 3947 Haan.
944 3914 970 3950 a.
981 3897 1024 3949 Ea
1033 3896 1150 3949 Amara
1162 3908 1253 3949 aare.
1263 3893 1391 3949 laudatas

387 3994 414 4044 7.
438 3976 565 4046 Maiusque
585 3992 645 4045 opus
666 3974 793 4027 scabritia.
821 3976 856 4027 Et
900 3972 1100 4046 Theophrastus
1117 3973 1152 4028 da
1167 3975 1389 4048 lapidibuasml

345 4054 516 4123 plnslaboria
528 4054 651 4108 scabritia
663 4054 793 4126 relinquit
804 4070 855 4125 po·
940 4054 988 4107 xl.
1006 4074 1030 4109 ι.
1055 4057 1138 4125 Quoto
1156 4058 1244 4127 eurique
1262 4058 1319 4107 aaa
1336 4054 1388 4107 law·
