2950 5000
343 460 414 546 stt
620 461 658 527 e.
684 457 850 528 emitti
874 458 984 527 nar.
1009 453 1139 528 rust.

343 593 410 662 ben
428 617 507 663 cum
526 590 638 661 liberis
655 576 902 676 morientem⁸⁸,
922 594 1050 694 Scopas
1072 614 1115 658 au
1136 572 1325 658 l'raxiteles'⁹
1345 585 1379 653 le

339 761 449 831 Lylium
462 759 621 830 Gyraldum.
631 759 700 812 Attis
712 759 800 829 placet
810 757 857 811 So·
903 759 966 812 Feb.
984 759 1038 824 1X;
1055 757 1135 812 Orid.
1150 758 1255 810 ltletsm.
1269 755 1317 814 vl,
1331 755 1383 806 iot.

338 845 432 892 struma
442 840 532 892 roeeri
540 879 548 902 ,
556 837 629 909 quod
639 836 674 891 ad
687 838 858 910 librariorum
901 838 968 892 Inde
976 839 1095 909 lepidum
1104 838 1132 890 in
1142 837 1243 889 Nioben
1249 835 1383 906 epigramma

339 920 503 990 scriptorum
521 919 642 972 officinas
659 918 763 971 locatus
781 903 857 973 esiet.
901 920 1013 973 Authol.
1030 920 1088 984 Ill,
1104 933 1140 988 7:
1155 908 1275 987 uespere
1288 909 1383 973 uitreis-

341 998 431 1052 Soaios
453 998 525 1050 enim
546 999 779 1070 prestantissimos
802 1001 859 1068 ejus
900 995 945 1052 δον
964 1003 1007 1053 eis
1029 1003 1078 1068 ἶχιι
1094 1000 1183 1067 νεκρόν.
1200 988 1223 1050 (l
1242 995 1315 1065 serpit
1331 985 1383 1052 tlrsst

341 1080 404 1131 artis
416 1078 552 1147 magistros
563 1077 689 1130 Horatius
701 1079 859 1130 memoravit
900 1082 969 1140 istic
983 1082 1025 1131 obst
1036 1081 1086 1146 Ιχει
1097 1077 1182 1147 re'pes.
1192 1067 1383 1134 ,itt'uirieeirri

341 1157 378 1209 in‘
393 1159 461 1211 Arte
475 1175 483 1208 :
497 1182 510 1204 ι
532 1156 583 1209 Hic
604 1157 673 1210 liber
697 1175 749 1208 tera
775 1170 859 1210 meret
899 1161 980 1229 νεκρός
995 1161 1032 1218 iet
1049 1157 1190 1227 uelrdpre.
1208 1151 1308 1204 «Vides
1318 1149 1386 1221 sepul·

340 1237 435 1300 Sosiis,
455 1261 467 1284 ι
484 1249 510 1288 et
526 1236 555 1288 in
579 1237 665 1306 Epist.
686 1262 698 1284 ι
719 1235 858 1289 Sosiorum
900 1238 994 1292 ultrum
1007 1235 1082 1308 quod
1091 1227 1386 1290 eareteadavere:Sinnl

340 1317 448 1388 pumice
462 1315 586 1369 mundus.
600 1340 610 1362 ι
623 1318 693 1369 Dan.
703 1315 857 1369 -Sottaut
900 1314 1012 1372 cadaver
1025 1317 1187 1386 insepultum
1199 1313 1318 1382 oonspicis
1330 1305 1384 1362 :Sd

341 1397 428 1466 Hujus
443 1395 628 1466 appellationis
638 1394 716 1466 origo
730 1394 809 1446 nobis
819 1414 859 1449 sr-
900 1395 1149 1466 quodsepulebrurn
1160 1387 1386 1463 estquodeadrser,

341 1474 375 1528 tis
384 1514 392 1539 ,
402 1487 432 1527 ut
444 1493 545 1539 remur,
559 1475 688 1545 explicata
700 1495 706 1524 :
721 1487 749 1527 at
762 1473 856 1547 templi
900 1488 938 1528 est
947 1474 1028 1528 idem.
1040 1476 1141 1527 »Versa
1149 1490 1246 1544 nempe
1256 1473 1280 1524 in
1292 1467 1385 1540 lapidem

341 1554 425 1625 ipsius
440 1553 505 1606 situs
518 1555 657 1608 obscurius.
670 1553 749 1606 Pacta
760 1556 814 1626 jaru
827 1552 860 1606 il-
900 1555 988 1609 Niobe
1004 1557 1059 1625 ipsa
1078 1553 1130 1606 sibi
1144 1551 1276 1623 sepulchri
1293 1549 1349 1600 rios
1360 1549 1387 1598 lt

342 1632 481 1687 liusantea
491 1633 703 1697 mentio,Xlll,
718 1649 770 1686 11:
786 1634 859 1687 nce·
900 1636 1057 1688 morientem
1081 1651 1142 1686 cum
1167 1631 1255 1685 liberis
1277 1629 1315 1681 bie
1335 1625 1387 1698 lap's

340 1712 417 1767 drius
428 1725 468 1765 est
481 1713 574 1765 liomss
589 1713 617 1764 in
631 1710 745 1764 delubro
761 1712 858 1782 Apollo
901 1715 1022 1778 exhibet,
1042 1710 1165 1782 adeoque
1185 1725 1212 1764 et
1230 1709 1351 1763 dolentem
1362 1705 1387 1756 li·

340 1793 479 1856 Sosianus,
502 1792 624 1846 Seleucia
644 1789 785 1858 advectus,
808 1819 819 1839 .
842 1808 859 1843 a
899 1792 1027 1847 berorum
1052 1792 1156 1854 vicem,
1183 1809 1237 1861 quo
1262 1787 1344 1841 babitu
1365 1785 1387 1837 ir

340 1871 372 1927 C.
392 1871 468 1924 Sosio
484 1871 649 1933 scilieet,b1.
667 1869 766 1941 Lepidi
785 1889 856 1946 qun·
899 1873 1088 1944 epigrammate
1107 1871 1237 1923 amatorio
1254 1866 1388 1922 describiutr

339 1962 428 2017 store,
440 1951 487 2023 qui
501 1952 551 2003 sub
565 1950 681 2003 Gabinio
698 1951 816 2022 insyria
831 1963 858 2003 et
899 1951 1051 2006 Macedonii
1063 1950 1199 2012 consulis,
1211 1947 1317 2002 Autbul.
1326 1945 1384 1998 llll:

340 2033 457 2101 ffissyl)to
477 2031 615 2093 mllllavlts
632 2047 664 2083 Μ
682 2042 743 2100 P⁰⁸l
755 2028 856 2082 effidem
899 2028 951 2088 Tris
964 2029 1196 2086 Niltavuatoom
1211 2025 1268 2082 ideis
1281 2027 1388 2090 ποτιβω-

341 2109 452 2163 Cereris
465 2107 573 2162 adlrasit
586 2109 703 2162 Antonio
719 2127 725 2162 :
745 2128 799 2180 quo
810 2107 856 2162 de·
898 2112 966 2173 κὸλος
980 2113 1039 2180 ἀνὴρ
1048 2107 1166 2180 Θάμῦιιν
1179 2110 1200 2161 ιί
1208 2106 1291 2162 lelius
1303 2101 1386 2174 lupus

340 2190 434 2253 ricto,
459 2207 611 2260 quanquam
641 2207 724 2259 segre,
751 2189 856 2242 veniam
898 2184 1032 2252 οἷδιλῖθος.
1046 2188 1387 2260 Atetptpteosgmsrtut

340 2266 494 2340 impetravit
502 2270 536 2322 ab
547 2272 675 2338 Augusto.
687 2269 857 2338 Hujusnum·
898 2269 965 2324 κατὰ
983 2273 1067 2332 νυκτὸς
1090 2270 1194 2341 ὁμίχλην
1211 2257 1314 2337 bevre
1329 2263 1387 2316 llll*

340 2365 400 2400 tuus
421 2361 503 2401 exstat
520 2349 547 2401 in
568 2348 682 2402 Cimelio
699 2348 797 2419 Regio,
811 2366 856 2400 ex·
897 2370 946 2411 πης
960 2353 1003 2404 οὐκ
1020 2351 1110 2418 (λίαιρι
1121 2351 1197 2408 λίθος.
1213 2349 1292 2406 Aine(
1304 2342 1388 2415 rippari-

340 2444 445 2499 pressus
464 2447 478 2480 a
495 2427 623 2499 seguino,
637 2447 664 2500 p.
687 2428 724 2480 83
744 2447 751 2478 s
770 2445 856 2481 sosrvs
897 2431 1050 2501 potorslpur·
1061 2429 1179 2499 ὁχιτηγὸς
1191 2417 1387 2492 sisirt,'l'illtiis,

228 2550 233 2557 .
340 2525 402 2560 rur.
420 2509 452 2560 lu
466 2526 579 2560 nummo
591 2509 785 2579 graeco,cujus
797 2508 857 2560 ettt-
898 2514 1005 2575 reulus,
1031 2509 1108 2580 αὐτὰρ
1137 2508 1194 2578 lpel
1216 2508 1316 2560 trelius.
1332 2497 1388 2554 «dd

339 2587 410 2657 giem
424 2606 575 2658 expressam
589 2589 617 2640 in
628 2605 688 2639 cera
705 2605 857 2650 servamus,
898 2588 1004 2643 Nioben
1022 2601 1113 2659 pastor
1128 2588 1280 2659 plorantem
1296 2581 1389 2638 substitit

338 2666 464 2720 scribitur
488 2684 494 2719 ε
516 2673 575 2738 rrtt
598 2670 739 2719 ΣΩΣΣΙΟΥ
762 2686 768 2717 :
790 2666 857 2719 aries
897 2669 978 2734 olim,
991 2669 1105 2723 Miratus
1118 2678 1210 2739 posset
1227 2667 1249 2719 si
1267 2665 1388 2733 huynes

339 2764 449 2799 currens
466 2747 594 2817 pingitur,
610 2763 672 2798 eum
690 2746 856 2818 superposito
898 2746 976 2819 lapis.
1000 2751 1035 2802 At
1056 2746 1124 2800 nibil
1147 2746 1274 2817 Euhippe
1291 2756 1339 2799 tota
1356 2758 1388 2793 nr

339 2825 402 2879 solis
417 2825 504 2878 sidere
519 2844 526 2876 ε
542 2828 665 2896 symbolo
677 2825 812 2887 Orientis}
829 2837 856 2879 et
897 2840 976 2880 noete
991 2840 1112 2899 gemente
1127 2826 1257 2879 Flectitur
1269 2842 1276 2877 :
1287 2822 1388 2890 Euhippe

337 2904 511 2958 laudatissimi
533 2906 561 2957 in
584 2906 660 2978 Syria
688 2904 854 2958 Antiochena
897 2906 1388 2978 quidnisivirssilexPCaussanorul

337 2985 443 3038 arietini
458 2981 572 3037 velleris.
589 2986 646 3038 Sub
662 2986 721 3038 alvo
741 2984 830 3037 arietis
845 3004 851 3035 ε
897 2988 1004 3058 utrique
1019 3005 1026 3039 :
1042 2986 1130 3039 fluunt
1141 2986 1194 3037 boc
1205 2986 1279 3038 fonte
1290 2982 1388 3040 dolum

339 3062 853 3136 AF,biypertl'rpenoiue:«Edictorel
897 3065 977 3130 Quor
1000 3066 1087 3118 Niobe
1111 3064 1203 3135 proles
1226 3063 1299 3125 t'erit,
1323 3056 1389 3114 snio

338 3144 453 3197 Deereto
465 3145 585 3199 Senatus.
599 3170 610 3192 ι
627 3146 659 3197 lu
674 3157 751 3215 purte
766 3146 853 3198 antica
896 3144 972 3199 mibi.
984 3172 996 3194 ι
1011 3146 1046 3197 Η.
1057 3176 1098 3187 -
1108 3144 1215 3197 Niobes.
1226 3144 1312 3195 Exstat
1319 3138 1388 3192 adhue

338 3235 418 3293 eaput
439 3224 514 3276 loris
533 3236 572 3277 est
587 3225 744 3277 laureatum.
759 3224 807 3277 Est
819 3243 867 3281 ex.
895 3225 1105 3297 pulcherrimum
1113 3220 1388 3294 ittudanrtquiurisne

340 3303 632 3358 esreminimo.llsrn.
896 3317 1070 3367 numentum,
1091 3316 1119 3356 et
1149 3303 1179 3355 in
1210 3320 1243 3355 eo
1264 3300 1389 3353 ridererst

379 3384 426 3435 88.
441 3383 535 3435 Nioben
548 3404 600 3435 curu
614 3383 694 3436 liberis
706 3386 853 3440 morientem.
896 3402 1030 3437 summum
1043 3382 1154 3437 terroris
1163 3376 1388 3453 exemplumopt!

338 3460 427 3514 Niobe
443 3462 545 3514 liberos
566 3476 667 3536 septem
684 3474 852 3535 procrearat,
896 3462 1169 3535 praecellentissimum
1179 3475 1242 3515 aute
1252 3461 1389 3531 aliquotas

338 3536 504 3611 totidemque
527 3541 594 3595 filias
609 3561 615 3595 :
628 3541 729 3595 ideireo
751 3561 780 3595 se
801 3562 853 3595 nu·
892 3562 945 3601 nos
959 3545 1041 3595 lioma
1054 3561 1069 3595 e
1084 3542 1147 3594 villa
1158 3540 1289 3594 Medicina
1299 3538 1388 3591 ituen-

337 3638 413 3673 mero
436 3620 553 3673 liliorum
575 3623 703 3675 Latonam
726 3641 853 3694 superare
896 3622 960 3676 tiam
975 3622 1130 3677 translatum
1145 3622 1291 3676 est.Baor.

238 3686 243 3695 '
337 3700 509 3772 gloriabatur.
521 3699 852 3773 ostdtpottonttossjtn
938 3704 984 3771 ⁸9.
1002 3701 1094 3773 scopu
1114 3722 1147 3753 as
1166 3701 1302 3752 emtor„
1310 3694 1387 3764 seer.

337 3780 367 3832 in
385 3780 451 3832 silva
465 3793 590 3833 venantes
605 3782 706 3853 sagittis
718 3782 852 3834 interfecit
895 3782 1019 3849 Praxiteli
1034 3794 1107 3835 tauto
1126 3793 1189 3852 post
1209 3780 1319 3833 Pliniu-
1337 3786 1388 3825 tw·

337 3858 663 3931 inmonteSipylo.Diana
675 3862 742 3915 filias
751 3862 852 3933 sagittis
895 3863 969 3933 poris
985 3861 1125 3915 intervallo
1139 3857 1273 3931 intrepide
1282 3849 1387 3910 adscribit

337 3938 485 4003 interemit,
502 3952 598 4008 prater
613 3940 779 3994 Chloridem.
797 3941 851 3995 Ge·
894 3942 1027 3995 Ausonius
1042 3941 1070 3993 in
1086 3939 1255 4011 Epitapbiis,
1268 3952 1335 3989 num.
1348 3930 1386 3989 al·

337 4016 419 4071 nitria
441 4018 532 4071 liberis
551 4021 615 4072 orba
632 4019 724 4074 flendo
745 4020 850 4092 lapidea
894 4041 954 4093 pag.
969 4025 1003 4075 61
1019 4038 1048 4073 :-
1061 4019 1210 4084 Virebam,
1224 4036 1280 4071 sunt
1294 4014 1349 4067 tacu
1359 4009 1386 4061 a'·

336 4095 405 4150 faeta
417 4098 473 4151 esse
485 4097 591 4152 dieitur.
607 4102 708 4155 Auctor
719 4101 851 4173 Hyginus,
894 4102 952 4169 lex,
972 4119 1031 4173 que
1051 4096 1149 4153 deiude
1168 4099 1254 4172 polita
1272 4088 1385 4149 mantela
