2950 5000
306 421 355 493 60
573 425 613 493 C.
640 423 809 494 PLINII
835 422 944 492 NAT.
971 421 1101 490 HIST.

275 585 286 619 1
359 556 488 626 XVIII.
508 557 706 650 Laquearia‚
733 581 807 651 quae
834 579 924 624 nuuc
944 568 981 623 et
1001 555 1035 622 in
1057 550 1196 648 privatis
1220 552 1381 624 domibus

305 687 387 730 auro
404 675 575 755 teguntur,
592 675 667 756 post
679 663 915 756 Carthaginem
931 684 1082 730 eversam
1097 660 1217 774 primo
1223 660 1384 729 inaurata

306 782 384 837 sunt
405 769 438 836 in
464 767 646 862 Capitolio,
665 792 806 838 censura
833 769 871 836 L.
896 765 1081 836 Mummiih
1109 755 1217 834 lude
1214 767 1382 836 transiere

305 875 338 941 in
359 898 505 942 cameras
524 872 674 968 quoque²
695 889 728 944 et
745 876 906 970 parietes,
919 875 977 967 qui
992 873 1061 966 jam
1079 887 1113 942 ct
1127 873 1191 966 ipsi
1204 887 1382 1002 tamquam

306 1003 385 1049 vasa
399 981 618 1048 inaurantur:
641 1005 745 1074 quum
765 1005 824 1050 sua
843 995 922 1048 aetas
941 981 1032 1047 varia
1050 979 1092 1047 de
1108 963 1252 1047 Catulo³
1267 979 1382 1048 existi-

307 1086 448 1154 maverit
455 1085 576 1179 ,quod
593 1085 719 1182 tegulas
742 1111 843 1156 aereas
859 1083 1043 1181 Capitolii
1034 1099 1218 1154 inaurasset
1238 1086 1382 1178 primus.

275 1223 286 1257 ι
360 1193 453 1260 XIX.
470 1194 665 1262 Inventores
686 1195 773 1277 auri,
797 1195 883 1264 sicut
904 1189 1115 1262 metallorum
1136 1191 1206 1260 iere.
1226 1192 1383 1260 omnium
1445 1255 1456 1280 ,

307 1297 467 1392 septimo¹
487 1297 656 1366 volumine
669 1298 823 1370 diximus.
839 1300 1042 1393 Praecipuam
1059 1298 1199 1392 gratiam
1216 1296 1297 1364 huic
1312 1320 1385 1365 ma·

307 1405 398 1472 teriae
416 1403 515 1472 fuisse
533 1404 692 1492 arbitror,
714 1430 782 1474 non
810 1403 940 1489 colore,
961 1405 1017 1498 qui
1040 1405 1073 1471 in
1096 1416 1235 1498 argento
1257 1399 1384 1473 clarior

307 1525 377 1595 est,
398 1511 570 1604 magisque
592 1510 658 1580 diei
681 1509 814 1593 similis,
843 1525 878 1581 et
898 1510 973 1580 ideo
995 1507 1190 1578 militaribus
1207 1510 1313 1603 signis
1331 1508 1384 1578 fa·

309 1614 481 1702 miliarior,¹
499 1619 654 1735 quoniam
687 1620 714 1686 is
744 1616 874 1712 lougius
899 1616 1035 1712 fulget.
1060 1615 1237 1684 manifesto
1265 1639 1386 1684 errore

309 1746 441 1808 eorum,
462 1747 518 1817 qur
511 1721 682 1792 colorem
702 1722 847 1792 siderum
870 1720 1063 1818 placuisse
1053 1747 1087 1788 rn
1109 1745 1192 1788 auro
1211 1720 1376 1790 arbitran-

309 1843 376 1914 tur,
397 1853 500 1923 quum
519 1829 552 1898 in
573 1831 712 1925 gemmis
734 1827 871 1923 aliisque
896 1828 996 1898 rebus
1019 1852 1088 1896 nou
1110 1828 1155 1896 sit
1179 1829 1384 1921 praecipuus.

308 1937 381 2004 Nec
402 1935 563 2028 pondere,
581 1949 639 2005 aut
652 1935 810 2004 facilitate
834 1937 981 2004 materiae
995 1932 1169 2028 prelatum
1186 1947 1237 2002 est
1254 1934 1386 2002 caeteris

277 2039 470 2126 zmetallis,
491 2066 593 2134 quum
617 2041 728 2110 cedat²
751 2066 812 2137 per
837 2055 1015 2158 utrumque
1045 2037 1192 2134 plumbo.
1217 2037 1283 2106 Sed
1295 2039 1387 2169 quia

310 2171 420 2217 rerum
440 2172 498 2216 um
490 2145 625 2216 nihil
617 2173 692 2242 igne
710 2147 857 2243 deperit,
866 2161 939 2218 tuto
959 2147 1058 2216 etiam
1078 2147 1112 2214 in
1128 2129 1371 2216 incendiis³ro

309 2358 451 2412 solverent.
483 2358 552 2412 Hinc
580 2359 709 2432 principis
740 2375 821 2431 caput
862 2370 987 2430 tanquam
1007 2377 1068 2413 vasa
1089 2359 1280 2413 incursatum
1299 2365 1338 2412 Ut
1354 2371 1384 2414 et

309 2439 426 2491 cinctum
443 2440 553 2508 genimis
565 2441 690 2503 exhibet,
702 2458 765 2492 cum
780 2439 820 2492 lit·
862 2437 933 2491 liber
945 2440 1071 2492 Pintisni.
1086 2439 1180 2493 Gnorr.

309 2518 389 2582 teris,
410 2536 516 2571 nerins
532 2540 538 2570 :
554 2538 666 2591 quarum
692 2520 822 2573 sententia
905 2520 932 2571 3.
957 2520 997 2570 De
1011 2519 1112 2576 [latoio.
1132 2518 1174 2572 Eo
1201 2518 1250 2591 qui
1270 2518 1385 2591 Capito·

309 2610 348 2651 est
366 2618 372 2649 ε
393 2598 581 2651 aMercatores
608 2598 678 2651 Edui
701 2598 823 2653 Theode-
862 2599 929 2652 lium
942 2596 1088 2663 dedicavit,
1102 2612 1132 2652 ut
1143 2597 1275 2663 diximus,
1296 2600 1381 2659 xtx.

310 2678 387 2730 berto
405 2680 524 2747 Augusto
540 2680 562 2729 L
576 2679 821 2755 quinquagesimam
866 2682 892 2731 6.
913 2678 975 2730 Hoc
988 2679 1060 2730 illius
1074 2679 1172 2732 lactum
1188 2696 1237 2731 sua
1248 2691 1322 2731 etate
1335 2679 1385 2732 elii

311 2758 463 2811 Solverunt.
484 2782 494 2804 ι
522 2758 624 2812 Gallice
647 2752 778 2822 diximus,
801 2758 823 2809 le
864 2758 892 2810 in
902 2758 979 2810 aliam
987 2771 1088 2829 partem
1100 2758 1283 2828 accipiebant:
1297 2776 1385 2829 quum

310 2840 483 2909 cinqwntieme
494 2837 584 2890 maier.
600 2838 664 2889 Pars
672 2838 752 2891 altera
761 2856 822 2890 cum
864 2856 920 2890 nou
937 2836 1070 2905 deessent,
1086 2838 1133 2907 qui
1153 2837 1253 2890 fusiore
1270 2849 1384 2909 sumptu

312 2934 392 2969 cruce
404 2916 432 2968 in
448 2916 554 2983 medio,
570 2918 651 2970 habet
663 2916 710 2970 has
728 2918 755 2969 iu
767 2936 825 2970 am·
865 2917 918 2970 coli
937 2916 1002 2970 deos
1017 2931 1143 2988 negarent
1158 2930 1291 2987 oportere.
1307 2918 1342 2970 II.
1374 2968 1377 2972 .

315 2996 375 3048 bitu
398 2997 515 3049 litteras:
531 3014 603 3049 rnvn
621 3014 728 3048 arsrnvs
744 3014 751 3049 ε
771 2996 824 3049 hoc
906 2998 980 3050 XIX.
997 3015 1020 3050 r.
1034 2996 1149 3067 Septimo.
1161 2997 1192 3048 L.
1205 2996 1272 3061 vn,
1287 2998 1334 3067 57.
1348 2996 1384 3051 Η.

312 3094 390 3128 sensu
409 3097 415 3126 :
433 3100 445 3121 «
459 3076 623 3129 rnvneberto
638 3074 708 3128 Edui
723 3076 825 3128 Trihu·
908 3098 932 3128 s.
949 3076 1036 3129 Cedat.
1054 3078 1119 3129 Huc
1132 3076 1311 3146 incogitanter
1328 3076 1387 3129 Pli-

311 3168 370 3208 tum
383 3155 554 3226 Sexagesimae
561 3156 664 3208 Invicto
674 3153 824 3208 Liberatori
866 3156 936 3208 nius.
948 3159 1049 3208 Aurum
1065 3175 1115 3209 nec
1128 3155 1266 3226 pondere,
1284 3175 1335 3208 nec
1350 3156 1388 3210 fa·

311 3234 394 3287 Urbis
405 3235 555 3288 Solverunt.
568 3260 578 3282 ι
594 3236 684 3288 llario.
868 3235 970 3288 cilitate
983 3236 1098 3289 materie
1109 3234 1221 3307 plumbo
1234 3234 1326 3288 cedit:
1339 3255 1388 3306 pes

340 3314 670 3369 XV111.1.L.Mumma.L.
679 3313 826 3366 Mummius
867 3316 979 3368 cubicus
988 3314 1087 3385 pendet
1098 3315 1179 3369 libras
1190 3314 1391 3385 1,326;plum·

311 3394 443 3447 Achaicus
473 3396 633 3465 appellatus,
665 3394 824 3446 Corinthum
867 3395 897 3447 bi
918 3413 982 3447 vero
1006 3396 1087 3448 libras
1109 3395 1176 3449 828.
1197 3396 1238 3446 De
1259 3394 1388 3448 facilitate

312 3474 420 3526 Achaiae
432 3486 512 3543 ceput
524 3473 654 3538 incendit,
664 3492 705 3525 an.
716 3473 751 3525 U.
761 3475 826 3537 608,
868 3475 985 3527 materiai
1005 3475 1067 3527 satis
1090 3487 1258 3545 compertum
1281 3487 1340 3539 est,
1361 3488 1389 3528 et

312 3554 681 3624 quoannocaptaetiuceusa
693 3553 826 3623 Carthago
868 3573 929 3606 mox
957 3553 1076 3620 dicetur;
1099 3554 1182 3606 immo
1203 3553 1310 3606 Plinius
1330 3552 1389 3625 ipse

313 3646 353 3686 est
377 3652 392 3685 n
417 3633 448 3685 Ρ.
470 3634 553 3687 Corn.
578 3634 727 3704 Scipione:
747 3634 826 3685 ambo
868 3635 949 3706 paulo
963 3634 1011 3686 inf.
1029 3635 1067 3687 nit
1086 3652 1152 3687 auro
1166 3634 1232 3685 nihil
1249 3633 1334 3687 laxius
1347 3633 1389 3689 di-

233 3708 236 3713 ¹
314 3711 412 3765 deinde
438 3730 575 3765 censuram
603 3712 680 3766 simul
709 3730 827 3782 gessere,
868 3713 1386 3786 letari.Bion-Recentioribusexpe-

313 3811 375 3845 anu.
388 3792 423 3844 U.
435 3793 466 3845 C.
479 3797 551 3857 612,
563 3792 729 3864 luttrumque
739 3792 825 3845 fecere
868 3793 990 3847 rimentis
1008 3794 1068 3846 auri
1087 3792 1260 3865 specificam,
1284 3806 1315 3845 ut
1339 3814 1387 3845 vo·

317 3872 361 3938 57.
378 3872 469 3923 Hian.
870 3887 943 3938 cant,
962 3872 1068 3945 pondus
1080 3872 1252 3943 est19‚257;
1267 3873 1387 3943 plumbi,
1413 3938 1421 3955 .

355 3970 380 4004 n.
400 3951 461 4002 Inde
479 3954 594 4004 tannim
615 3955 640 4003 in
656 3951 783 4004 camerni:
799 3956 825 4002 r'n
878 3950 992 4015 tudda.
1008 3954 1061 4006 En.

312 4032 415 4099 parietes
432 4050 532 4104 petoque.
549 4032 624 4084 Voss.
640 4052 651 4075 ι
666 4031 692 4084 ἰη
709 4050 826 4085 cameras
912 4034 937 4086 3.
952 4034 1016 4084 Tuto
1027 4035 1098 4084 etiam
1110 4037 1135 4084 in
1144 4032 1259 4085 irwendir's
1273 4036 1386 4103 rogisque

315 4126 421 4181 quoque
435 4123 460 4163 et
472 4114 599 4181 parietes,
614 4111 659 4182 qui
670 4114 723 4182 jam
737 4124 764 4164 et
775 4111 825 4181 ipsi
870 4114 972 4165 domme
978 4116 1086 4166 materia.
1094 4114 1156 4165 Duo
1162 4124 1296 4183 postrema
1303 4114 1385 4167 rerba
