2950 5000
325 416 394 490 ito
493 465 496 470 -
589 422 628 490 C.
652 419 823 490 PLINII
848 420 961 491 NAT.
987 421 1117 491 HIST.

322 553 426 676 ligno,
437 553 610 624 cardinum
625 551 832 650 singulorum
845 552 989 624 versatili
1007 579 1172 649 suspensa
1182 553 1370 648 libramento,

324 663 359 730 in
391 661 514 755 quibus
545 662 695 755 utrisque
727 659 991 790 antemeridiano
1020 659 1178 732 ludorum
1209 665 1371 794 spectaculo

325 768 433 838 edito
425 782 510 836 mter
523 791 594 836 sese
601 792 726 836 aversis
761 792 828 854 ‚ne
841 769 983 836 invicem
996 756 1259 914 obptreperent⁶⁶
1271 797 1370 842 scene:

325 889 462 970 repente
480 876 689 944 circumactis
702 888 870 942 utcontra
887 859 1319 971 starent⁶⁷,'postremojam
1331 879 1372 948 die

324 981 570 1051 discedentibus
592 965 759 1064 1616611666,
781 995 814 1050 et
834 981 1020 1050 comibus
1012 1007 1047 1050 rn
1070 1007 1105 1052 se
1128 983 1373 1054 coeuntibusla·

325 1088 434 1158 ciebat
446 1078 746 1183 amphitheatrum,
764 1101 799 1155 et
802 1083 1038 1232 gladiatorum
1060 1088 1249 1184 spectacula
1264 1091 1374 1176 edebat,

326 1197 435 1291 ipsum
460 1195 565 1314 magis
585 1179 828 1264 auctoratum⁶⁹
852 1191 1021 1289 populum
1044 1219 1128 1264 rom.
1132 1192 1374 1267 circumferens

276 1317 306 1374 15
326 1302 418 1392 Quid
437 1303 526 1371 enim
541 1302 680 1370 miretur
694 1297 834 1394 quisqire
847 1302 881 1369 in
902 1301 967 1370 boc
982 1299 1181 1395 primum?
1172 1319 1374 1389 inventorem,

326 1433 371 1478 an
384 1411 556 1478 inventum
566 1406 770 1494 lartificem,
783 1431 826 1474 an
843 1406 1164 1485 auctoremiausum
1180 1409 1313 1505 aliquem
1325 1411 1377 1479 boc

327 1516 534 1609 excogitare,
553 1537 595 1582 an
614 1511 799 1608 suscipere?
817 1538 951 1608 parere,
965 1538 1007 1582 an
1019 1514 1159 1607 jubere?
1171 1517 1378 1612 superomnia

327 1623 391 1692 erit
407 1619 522 1716 populi
538 1620 642 1704 furor,
657 1620 773 1690 sedere
790 1621 861 1689 ausi
878 1635 947 1690 tam
965 1620 1068 1688 infida
1081 1622 1289 1718 instabilique
1305 1622 1376 1692 sede.

328 1731 381 1798 En
402 1729 458 1797 hic
478 1741 530 1797 est
548 1725 603 1796 ille
621 1741 786 1796 terrarum
806 1729 926 1808 victor,
945 1741 978 1795 et
1003 1729 1104 1796 totius
1123 1728 1269 1799 domitor
1288 1730 1379 1814 arbit,

328 1836 385 1930 qui
403 1848 518 1931 gentes
530 1848 565 1904 et
579 1832 707 1929 regna⁷⁰
721 1833 887 1921 diribet⁷¹‚
898 1835 973 1928 jura
983 1833 1128 1903 externis
1142 1837 1255 1916 mittit,
1264 1836 1377 1906 deorum

329 1942 480 2036 quaedam
497 1938 735 2010 immortalium
748 1941 860 2035 generi
872 1939 1051 2010 humano⁷¹
1066 1948 1189 2035 portio,
1203 1945 1237 2012 in
1252 1943 1380 2014 machina

329 2048 496 2143 pendens,
508 2047 552 2116 ad
567 2046 750 2142 periculum
764 2071 861 2116 suum
877 2045 1047 2143 plaudens.
1056 2049 1143 2136 Qum
1156 2049 1265 2122 vilitas
1278 2051 1380 2120 auima-

330 2251 753 2322 minusseverismoribussquum
763 2251 844 2304 simus
889 2263 958 2318 tem,
969 2263 996 2306 et
1011 2249 1044 2304 ed
1064 2249 1093 2304 id
1107 2252 1185 2323 quasi
1199 2254 1284 2324 pretio
1300 2251 1382 2322 obliga·

331 2334 458 2389 Curionis
471 2351 529 2386 stro
543 2331 696 2386 severiores.
711 2333 803 2386 11666.
890 2343 957 2386 tarn.
978 2331 1097 2394 Plinius,
1118 2333 1167 2385 lib.
1188 2334 1266 2396 XIV,
1286 2351 1335 2406 cup.
1353 2333 1380 2386 d:

373 2414 421 2469 65.
441 2413 511 2466 Inter
528 2433 577 2464 sese
595 2416 694 2465 aeersr's.
714 2412 753 2466 Ut
772 2423 845 2483 tergo
872 2446 875 2452 ‚
894 2409 1094 2484 «Vindemitor
1106 2422 1382 2484 auctoratusrogtuass

331 2512 388 2551 sese
413 2513 444 2549 ac
467 2492 616 2566 posteriore
641 2504 718 2565 perte
743 2491 846 2547 theatra
891 2493 1024 2547 tumulum
1037 2491 1144 2565 exeipit.
1157 2520 1169 2543 ι
1187 2493 1280 2547 116661.
1293 2493 1335 2547 1116.
1348 2491 1381 2555 Π,

331 2575 525 2646 contingerent.
539 2574 631 2627 11666.
890 2574 977 2643 satyr.
996 2592 1023 2643 7,
1037 2590 1106 2627 vers.
1123 2576 1159 2628 ⁵8
1177 2596 1184 2625 s
1203 2600 1215 2623 ι
1232 2573 1303 2641 Quid
1318 2572 1383 2626 mlert

374 2659 422 2709 66.
440 2656 480 2707 Ne
497 2656 596 2707 16616616
617 2654 787 2725 adstreperent.
805 2652 846 2706 Ne
890 2652 1171 2725 urivirgis,femqnc
1182 2654 1383 2709 nensilueton·

332 2754 361 2789 se
378 2736 492 2789 invicem
509 2748 615 2788 actores
631 2735 661 2788 16
679 2752 756 2787 socna
770 2750 848 2787 exau·
890 2738 1031 2787 1666661·
1049 2734 1139 2787 11666.
1194 2774 1203 2794 ,

332 2815 430 2870 dirent.
444 2815 534 2867 11666.
932 2832 976 2885 7⁰·
992 2814 1087 2881 Regna.
1102 2814 1144 2865 lta
1164 2826 1239 2868 certe
1253 2814 1351 2886 legimus
1361 2812 1381 2863 16

374 2900 422 2967 67.
440 2896 598 2949 circumactis
611 2905 639 2945 61
649 2904 735 2947 emera
745 2904 845 2945 starent.
891 2894 1009 2947 nummis
1026 2894 1135 2965 Trajani
1155 2894 1228 2965 Imp.
1249 2908 1384 2948 6666616·

333 2978 371 3030 Ut
385 2977 525 3047 utriusque
535 2974 631 3027 theatri
641 2974 741 3028 frontes
752 2972 847 3027 adver·
891 2990 1006 3027 aream
1025 2992 1032 3024 s
1050 2986 1089 3029 et.
1111 2992 1164 3027 666
1180 2992 1294 3029 6666616
1309 2990 1381 3027 nuru

333 3054 586 3112 66616666111666.
891 3052 1052 3107 Innummis
1069 3052 1201 3107 Antonini
1217 3056 1278 3109 Pii:
1293 3068 1382 3108 nnn·

375 3140 422 3192 68.
447 3134 631 3187 Discedentibus
660 3133 757 3187 tabulis.
778 3131 848 3186 Tota
892 3150 1098 3199 misenam,
1109 3146 1135 3187 et
1145 3148 1381 3198 morannum

333 3216 421 3289 lignes
433 3215 555 3269 mscbma
562 3212 761 3285 sedilibusque
770 3212 849 3265 simul
891 3214 984 3267 11666.

334 3316 350 3351 6
363 3314 454 3369 priore
469 3298 521 3348 6116
531 3292 743 3359 discedentibus,
759 3306 785 3347 et
800 3292 849 3346 eir·
934 3310 981 3364 7¹·
990 3290 1094 3345 Dirilet.
1100 3292 1256 3361 Distribuit,
1260 3288 1381 3349 dividitll·

334 3380 470 3431 cumactis.
489 3374 549 3429 Huc
570 3386 642 3427 certe
657 3374 788 3446 Virgilius
807 3390 850 3425 re·
935 3392 981 3445 76.
991 3372 1203 3428 Genettumeo.
1211 3376 1275 3448 Reg.
1283 3396 1297 3429 6
1301 3388 1381 3443 ,gm-

335 3456 436 3528 spexit,
452 3474 537 3526 quum
551 3454 665 3519 cecinit,
678 3453 778 3525 Georg.
792 3453 850 3517 111,
893 3452 986 3507 Malim
1007 3472 1072 3524 ego,
1098 3454 1214 3525 repetita
1237 3476 1253 3509 6
1272 3453 1383 3525 superior?

335 3554 404 3590 vers.
419 3556 453 3589 66
464 3553 472 3588 :
488 3560 501 3583 ι
514 3537 568 3607 jam
577 3553 651 3588 nunc
661 3534 792 3593 solemnes
803 3530 852 3587 du·
893 3552 960 3588 voce
971 3534 1088 3588 litterula
1103 3552 1142 3599 m,
1155 3532 1321 3607 divulsaque,
1334 3530 1381 3601 tegi.

335 3634 396 3673 cese
424 3634 537 3687 pompas
557 3613 600 3667 td
624 3612 736 3667 delubro
758 3614 851 3685 juvat,
895 3616 921 3667 in
931 3634 1017 3685 genem
1026 3614 1137 3667 1666666.
1152 3614 1383 3669 Defendiuneutt

335 3693 864 3767 caesosqueviderejuvencos:Velscens
896 3694 1000 3767 vulgate
1011 3693 1090 3748 lectio
1104 3706 1213 3767 potest,
1222 3696 1384 3749 nantune-

336 3777 462 3831 utaersis
477 3772 779 3829 11166611611666111666.»
801 3774 851 3827 Τ6·
896 3774 945 3841 tia,
973 3775 1055 3827 instar
1077 3772 1191 3828 deorum
1217 3776 1383 3829 6666166661

336 3875 398 3909 meu
413 3857 440 3909 in
453 3858 517 3927 Reg.
531 3856 690 3927 elegitur,·
702 3867 851 3925 postremos
893 3854 984 3927 generi
1010 3869 1129 3909 senatum
1157 3857 1332 3927 populumque
1351 3868 1384 3902 Ν·

336 3934 483 3990 (1166611616
502 3933 655 3989 sedentibus
665 3935 777 4007 aliquis
791 3952 851 3988 eor-
895 3954 1003 3989 menum
1011 3936 1079 4007 ,qui
1097 3948 1189 4007 gentes
1208 3948 1318 4005 etregm
1333 3929 1383 3983 11111·

337 4016 439 4069 nibus
431 4034 459 4069 sn
471 4033 517 4082 se,
526 4028 603 4069 etc.»
618 4016 709 4068 11666.
894 4014 958 4079 bes,
972 4029 1021 4071 ete.
1034 4016 1070 4069 11.
1079 4017 1174 4069 -Ad
1182 4018 1314 4087 7666166166.
1326 4012 1383 4064 uros

378 4100 425 4166 69.
444 4054 614 4151 Auetbrotan.
628 4096 700 4149 Mori
716 4092 851 4149 destinan-
896 4114 927 4150 ex
941 4096 1270 4169 611661666166666661.
1281 4094 1326 4147 ts.
