2950 5000
312 370 384 443 (iou
586 376 626 445 C.
652 378 823 449 PLINII
847 378 953 450 NAT.
981 374 1113 443 lllST.

313 508 463 576 cucumis
484 508 601 577 semini
621 532 692 603 par.
712 512 792 579 Post
813 510 875 578 hos
895 508 1037 603 Cyprius
1055 520 1190 577 vocatur
1205 508 1235 576 in
1251 508 1360 599 Cypro

314 627 483 705 repertus,
500 638 641 707 vergens
660 618 694 683 in
715 617 841 684 nerium
863 613 1009 683 colorem
1018 612 1054 699 ¹⁹,
1068 612 1125 682 sed
1139 615 1172 681 in
1192 611 1361 693 medicina,

313 732 353 785 ut
362 718 511 788 dicemus
518 720 555 807 ²⁰,
570 720 829 790 efficacissimus.
836 724 916 791 Post
929 721 1020 789 hunc
1030 720 1111 787 est²¹
1124 718 1260 787 siderites
1271 716 1361 786 ferrei

280 788 516 917 ⁴splendoris‚
536 826 684 919 pondere
708 841 786 897 unte
806 842 960 909 caetcros,
986 825 1044 895 sed
1066 840 1183 894 natura
1203 821 1360 893 dissimilis

312 931 401 1000 Nam
424 946 460 999 et
488 932 607 1001 ictibus
636 932 844 1028 frangitur²²,
868 948 902 1002 et
931 932 996 1001 olio
1020 931 1194 1000 adamante
1216 928 1362 1023 perforari

312 1052 443 1129 potest:
457 1037 546 1131 quod
562 1052 597 1107 et
610 1041 735 1132 Cyprio
746 1042 858 1109 evenit
870 1053 878 1095 ἓ
893 1039 1125 1131 breviterque,
1140 1052 1177 1106 ut
1191 1037 1363 1130 degeneret,

312 1144 456 1211 nominis
483 1158 613 1212 tantum
639 1148 872 1215 auctoritatem
892 1144 1026 1213 hahent.
1046 1143 1167 1237 quue,
1193 1140 1277 1237 quod
1295 1140 1363 1208 totis

313 1247 539 1317 voluminibus
568 1250 620 1319 his
646 1248 767 1320 docere
798 1267 832 1321 et
864 1250 1023 1320 mandare
1052 1250 1163 1319 conati
1191 1272 1310 1331 sumus,
1328 1244 1363 1313 de

313 1352 479 1424 discordia
506 1380 620 1425 rerum
648 1358 916 1451 concordiaque,
951 1380 1052 1451 quam
1090 1354 1299 1449 antipathiam
1330 1372 1364 1418 ac

313 1460 533 1554 sympathiam
549 1460 758 1556 appellavere
772 1464 902 1544 Graeci,
918 1486 986 1531 non
1001 1459 1095 1530 aliter
1115 1460 1234 1529 clarius
1248 1455 1365 1549 intelligi

312 1580 432 1659 potest.
449 1566 618 1660 Siquidem
635 1567 690 1636 illa
702 1558 1059 1637 invictavis²³duarum
1073 1564 1364 1635 violentissimarum

312 1686 440 1741 uaturae
458 1697 591 1757 rerum,
611 1674 691 1744 ferri
707 1677 877 1769 ignisque,
893 1674 1137 1768 contemptrix,
1155 1673 1280 1741 hircino
1292 1692 1365 1737 rum·

312 1868 389 1921 ducit
400 1868 510 1922 ferraria
525 1888 592 1921 aena
608 1872 751 1941 Philippis.
765 1896 776 1918 ι
792 1874 827 1923 tt
871 1868 961 1941 colligi
984 1867 1145 1921 somniavit:
1167 1866 1315 1931 ‹Quat-tus,
1331 1863 1366 1915 iu·

312 1948 394 2011 falso,
414 1966 500 2019 quum
517 1950 559 2002 his
574 1950 716 2019 generibus
729 1952 827 2004 natales
873 1951 945 2019 quit,
961 1946 990 2000 iu
1013 1947 1127 2000 metallis
1147 1946 1262 1999 ferrariis
1278 1944 1366 2015 legitur,

312 2028 341 2080 in
361 2046 427 2079 auro
443 2046 498 2081 esse
515 2030 616 2081 Plinius
627 2032 827 2101 prsemouuerit.
872 2026 993 2100 pondere
1006 2038 1117 2080 umeros
1126 2024 1296 2088 antecedens,
1307 2036 1362 2075 etc·

313 2105 367 2159 Sed
381 2106 505 2159 Soliuum
523 2108 569 2161 ille
583 2111 768 2179 transcripsit,
780 2110 827 2181 qui
873 2108 965 2161 flauo.

313 2200 439 2253 quartum
453 2187 574 2241 similiter
585 2207 668 2259 gcuus
681 2187 827 2242 ndumentis
914 2205 957 2240 ao.
969 2186 1002 2238 Ut
1013 2185 1126 2239 dicemus.
1136 2183 1192 2237 Sub
1202 2184 1277 2235 linem
1286 2196 1365 2250 nempe

313 2267 429 2319 metallis
453 2267 570 2320 ferrariis
596 2268 747 2340 adjudicat,
772 2288 828 2321 nou
872 2268 953 2339 hujus
965 2264 1068 2335 capitis.
1083 2266 1175 2317 liano.

313 2354 403 2398 tameu
422 2344 661 2418 Philippensibus:
680 2366 765 2420 quum
782 2367 830 2401 ue·
916 2364 963 2399 er.
973 2346 1034 2396 Post
1047 2343 1110 2395 lunc
1120 2355 1167 2395 est.
1179 2338 1364 2411 ntptncuu

313 2440 366 2495 que
385 2424 503 2491 inullis,
518 2440 548 2481 ut
560 2446 625 2481 mox
641 2426 773 2491 dicemus,
787 2448 829 2483 re·
874 2418 1364 2499 qnodiulerrariiametallisiuveuitur.

312 2506 396 2575 periri
407 2508 497 2577 possit.
509 2508 600 2561 llario.
874 2521 904 2561 ut
921 2505 1029 2560 Solinus
1047 2505 1202 2566 somniavit,
1210 2521 1233 2555 o.
1244 2517 1290 2563 au,
1297 2517 1320 2569 p.
1327 2500 1363 2562 8¹,

358 2602 404 2654 19.
425 2587 456 2638 In
476 2589 567 2639 aerium
587 2589 697 2641 colorem.
711 2587 764 2640 Vel
779 2607 829 2642 cn·
875 2585 920 2639 sud
941 2581 1016 2656 quod
1031 2594 1071 2635 est
1083 2583 1128 2636 ille
1142 2581 1221 2635 ferrei
1232 2579 1325 2634 eoloris
1337 2575 1363 2627 ll.

313 2663 439 2728 rustum.
459 2667 502 2718 vu
522 2667 551 2718 u
567 2667 729 2721 metuero
749 2667 830 2738 uqu-
875 2695 914 2708 -
930 2663 1047 2716 sinen.
1066 2663 1143 2728 semu
1161 2661 1295 2731 sputos..
1310 2655 1364 2708 aaa·

315 2741 390 2795 dum.
408 2746 450 2797 Ita
463 2747 533 2798 clare
546 2746 667 2800 Colbert.
682 2748 709 2800 3.
723 2748 756 2799 In
772 2747 830 2799 aliis
875 2762 931 2796 mas
946 2743 1008 2805 ille,
1023 2741 1313 2794 adrumentinam
1323 2753 1365 2786 ona·

316 2841 412 2886 areum,
427 2842 518 2877 errore
532 2827 644 2878 minime
658 2823 752 2879 dubio.
765 2827 830 2897 Epi·
875 2823 927 2875 leur
941 2824 1044 2875 d'ucr'er.
1066 2820 1107 2873 Cl.
1129 2821 1227 2872 Bom
1244 2817 1301 2871 tales
1316 2812 1364 2867 adr·

314 2902 447 2972 phauius,
458 2902 492 2955 de
503 2907 632 2975 gemmis,
644 2923 704 2975 pag.
716 2907 772 2958 230
785 2923 792 2957 ε
807 2895 830 2958 ὁ
874 2915 976 2955 mentes
989 2899 1071 2960 vidit,
1083 2899 1130 2969 qui
1143 2919 1159 2953 a
1172 2909 1290 2969 magnete
1304 2905 1365 2947 attra-

313 2983 405 3042 λίθῦςδ
424 2977 643 3055 ἂδᾶμαςὶμφιρής
656 2985 829 3044 leicestrie
874 2983 1010 3035 hereutnr.
1053 2979 1172 3050 Cyprius
1207 2993 1320 3050 quoque,
1340 2983 1364 3024 tl

315 3062 399 3131 χροιὰν
410 3069 447 3132 τῷ
457 3063 517 3132 ttp.
531 3065 566 3116 Et
580 3083 609 3134 p.
629 3063 683 3116 231
702 3083 709 3116 :
723 3047 759 3124 ὃς
773 3059 802 3120 uls
817 3067 829 3117 l
875 3059 948 3115 credi
961 3071 1064 3132 potest,
1079 3058 1133 3111 luit
1147 3057 1275 3112 siderites
1288 3055 1354 3106 fluor.

316 3136 434 3202 tuimet
446 3138 563 3214 ἀδάμας,
573 3145 618 3201 τὴν
627 3142 710 3214 χροιὰν
721 3143 830 3212 duplicis.
919 3159 963 3194 aa.
977 3141 1042 3194 Nan
1054 3149 1078 3189 et
1088 3139 1174 3189 ictihiu
1180 3137 1309 3204 frangitur.
1318 3131 1364 3186 Tot

316 3217 375 3273 Hoc
386 3223 447 3274 loco
457 3223 591 3293 corruptis
599 3223 679 3274 Plinii
691 3222 831 3274 codicibus
875 3218 946 3272 idem
960 3219 1048 3273 verbis
1063 3217 1121 3270 haro
1135 3217 1258 3279 Solinus,
1276 3213 1326 3265 loco
1336 3208 1363 3262 ri·

241 3314 272 3372 χ·
317 3317 395 3352 usum
423 3300 546 3353 Soliunm
566 3302 714 3372 intelligas,
735 3303 783 3372 qui
804 3313 831 3353 et
876 3311 940 3352 tato.
962 3299 1053 3351 Haan.
1071 3325 1110 3338 -
1128 3298 1166 3348 Er
1182 3297 1232 3346 olio
1250 3294 1360 3345 idunan.

318 3397 405 3431 tamum
416 3379 498 3449 legit,
511 3392 538 3432 et
549 3399 647 3433 cereum
662 3379 830 3433 adamantem
876 3377 1002 3442 Adamas,
1024 3375 1147 3429 omnium
1171 3389 1306 3444 corporum
1317 3383 1361 3439 qu!

317 3469 485 3512 commentus
503 3471 557 3522 est,
582 3473 611 3513 et
634 3460 756 3530 Cyprum
781 3479 831 3530 pro
875 3447 1360 3522 novimus,durissiruum,uonuiaitli⁰

318 3555 418 3610 cupro,
439 3537 493 3589 sive
511 3557 562 3608 pro
575 3557 627 3591 aire
643 3539 832 3610 interpretatus
876 3537 1026 3600 adamante,
1032 3535 1059 3587 in
1069 3535 1175 3587 scobem
1187 3532 1294 3592 redacto,
1302 3524 1358 3586 ruffi,

318 3617 503 3682 est-Tertius,
514 3618 677 3689 inquit,cap.
688 3637 738 3678 arr.
748 3636 776 3687 p.
785 3621 832 3683 82,
876 3615 1009 3686 perforari
1021 3627 1070 3667 out
1081 3613 1162 3683 poliri
1177 3623 1269 3684 potest.
1281 3608 1323 3660 Eo.

318 3695 347 3747 iu
360 3697 433 3750 venis
445 3699 524 3768 cupri
542 3709 652 3768 apparet
671 3698 783 3768 propior
798 3695 831 3750 ad
919 3695 964 3749 23.
980 3693 1101 3762 Siquidem
1114 3694 1156 3744 illu
1173 3695 1258 3744 uotcu
1269 3685 1355 3740 eisd!-

319 3791 413 3829 oream
426 3777 531 3828 faciem.
543 3803 554 3824 ι
567 3777 740 3848 similemque
752 3777 832 3829 alium
877 3795 929 3826 rum
945 3775 1171 3826 uiolentissimum
1185 3783 1273 3823 natm
1289 3779 1354 3820 rem·

319 3855 435 3908 subtexit
446 3873 577 3919 errorem,
586 3875 670 3928 quum
681 3873 741 3909 euru
752 3874 832 3925 quem
877 3867 927 3907 etc.
943 3855 1006 3906 Hero
1018 3851 1126 3904 Solium
1141 3848 1175 3903 ad
1192 3850 1304 3908 verbum,
1318 3843 1354 3894 tot-

319 3933 422 3990 Pliuius
436 3934 561 3989 sideriten
572 3935 659 4000 dixit,
669 3933 743 4007 quod
754 3935 832 3988 ferrei
878 3934 922 3987 cit.
941 3945 968 3986 et
985 3930 1119 3995 Isidorus,
1142 3931 1217 4001 Orig.
1234 3928 1279 3980 lih.
1296 3919 1353 3979 m,

320 4015 471 4082 sitooloris,
481 4013 537 4087 ipae
548 4017 575 4068 i'u
585 4016 702 4070 temriia
721 4014 839 4069 officinis
875 4031 933 4084 cap.
949 4011 994 4065 13.
1010 4011 1102 4064 Haan.
