2950 5000
312 471 362 556 ’36
581 482 622 552 ο.
647 481 819 553 aurun
839 479 951 552 usu.
978 478 1105 550 uisu.
1169 419 1176 428 ’

315 616 468 690 salutaris
479 628 613 685 exortus
627 616 822 710 Vespasiani
841 615 1049 709 imperatoris
1067 611 1228 704 abolevit,
1248 615 1381 710 aequali-

315 741 367 796 ter
386 721 588 819 publicando
614 720 841 817 principem²¹.
865 724 919 791 De
940 718 1050 790 anulis
1071 722 1179 792 aurcis
1199 746 1382 817 corumque

314 857 378 902 usu
391 832 552 928 hactenus
567 827 692 897 dictum
708 830 759 898 sit¹

283 977 296 1012 ι
369 939 462 1008 ΧΙΙΙ.
481 931 690 1004 Proximum¹
707 931 813 1004 scelus
829 932 926 1022 fecit,
941 935 998 1028 qui
1017 934 1144 1029 primus
1163 958 1205 1004 cx
1222 959 1307 1005 asaro
1327 935 1381 1004 de·

315 1040 462 1114 narium²
490 1041 659 1136 signavit:
679 1039 769 1134 quod
786 1053 820 1108 et
842 1041 949 1134 ipsum
967 1025 1067 1120 ,Ιοῐεῑ3
1089 1055 1226 1111 auctore
1243 1043 1380 1112 incerto.

204 1168 216 1189 ·
313 1148 461 1245 Populus
485 1170 643 1216 romanus
666 1171 708 1214 ne
730 1160 869 1241 argento
887 1146 1019 1241 quidem
1038 1147 1184 1240 signato,
1205 1162 1283 1218 ante
1304 1151 1383 1243 Pyr·

314 1242 437 1326 rltum⁴
460 1277 572 1350 regem
598 1252 767 1322 devictum
785 1276 865 1322 usus
882 1267 942 1322 est.
961 1239 1127 1322 Librales⁵
1144 1242 1264 1346 (unde
1283 1255 1383 1325 ctiam

313 1445 505 1512 peragerentur
520 1433 539 1487 it
554 1433 600 1506 qui
613 1451 669 1486 uon
687 1433 828 1504 impetrata
870 1431 938 1501 χῦοο
956 1433 1091 1502 cassum
1111 1435 1177 1485 ποιοῖ
1193 1428 1315 1486 διακόσια
1327 1451 1386 1485 πον-

315 1519 366 1571 hac
380 1516 474 1581 venia,
492 1513 621 1586 principis
637 1513 781 1584 imaginem
799 1512 828 1564 iu
872 1513 982 1568 τήκοντα
1004 1509 1112 1580 δηνάρια
1138 1513 1238 1583 ἀργυρᾶ·
1265 1508 1333 1564 diua
1353 1507 1382 1563 dl

314 1596 395 1652 anulo
409 1613 441 1648 ex
453 1595 520 1646 auro
534 1605 674 1664 gestarent.
690 1594 751 1658 Qua
769 1609 829 1645 cau·
871 1595 965 1662 χρυσᾶ,
985 1593 1044 1661 ὅπερ
1063 1593 1185 1663 νούμμους
1198 1593 1267 1661 φασί.
1287 1617 1299 1640 ι
1310 1591 1385 1644 Idillc

314 1676 388 1730 tione
398 1673 526 1746 principis
539 1673 627 1743 imago
644 1681 701 1726 tum
714 1684 829 1725 tractan·
871 1671 985 1724 sestertii
999 1671 1120 1724 efficiunt
1135 1689 1184 1724 ocu
1201 1670 1327 1724 denarios
1342 1689 1385 1724 ar·

314 1755 448 1820 deforet,
463 1750 771 1824 videapudSuetou.iu
785 1751 830 1804 Ti-
872 1763 995 1822 genteos,
1016 1751 1073 1803 sire
1088 1749 1180 1803 decem
1198 1748 1327 1804 denarios
1338 1768 1385 1802 au·

314 1836 405 1894 herio,
427 1851 485 1904 cap.
506 1829 666 1885 nurinVide
684 1845 710 1884 et
722 1831 828 1885 Gotho·
872 1848 944 1896 reos,
964 1828 1037 1902 quod
1056 1843 1084 1883 et
1102 1831 1175 1882 mille
1194 1849 1320 1883 nummos
1338 1849 1385 1882 vo·

314 1913 383 1970 lred.
396 1915 424 1966 in
439 1910 506 1966 Cod.
520 1909 681 1964 Theodlib.
698 1912 748 1975 Ill,
760 1922 780 1963 t.
792 1928 825 1964 aa
872 1921 942 1962 cant.
953 1933 965 1955 ι
992 1908 1094 1962 Plinius
1117 1910 1176 1983 ipse
1194 1910 1313 1982 denique
1336 1909 1384 1963 lib.

315 1995 350 2049 de
365 1994 428 2048 lalsa
446 1991 630 2049 Moneta,lib.
649 1991 743 2060 tx,p.
763 2007 827 2060 179.
872 1988 1004 2054 XXXIV,
1027 2008 1084 2061 cap.
1111 2008 1157 2059 17,
1175 1989 1327 2062 Lysippum
1350 1989 1386 2043 sit

315 2076 407 2130 nean.
426 2101 466 2114 —
487 2071 583 2140 Magna
612 2073 736 2121 crimiaum
760 2089 830 2122 occu·
872 2069 978 2121 solitum
1004 2087 1054 2140 pro
1076 2070 1235 2139 manipretio
1254 2071 1386 2142 cuiusque

315 2159 389 2211 sicne.
401 2153 472 2206 Tum
485 2148 610 2204 adversus
622 2168 668 2202 eos
688 2149 734 2220 qui
753 2151 829 2222 prin·
872 2148 941 2219 sigui
953 2185 961 2211 ,
975 2147 1049 2220 quod
1070 2149 1126 2220 ipse
1141 2149 1291 2216 conflabat,
1309 2167 1386 2219 sepo-

316 2235 383 2307 uipis
395 2231 535 2303 imaginem
545 2269 552 2294 ‚
562 2247 616 2283 nou
632 2228 694 2283 dato
703 2231 764 2300 jure
776 2230 829 2282 ler-
871 2247 936 2281 nere
957 2227 1075 2297 singulos
1091 2228 1215 2283 denarios
1233 2245 1340 2283 aureos.
1353 2229 1386 2281 Et

315 2327 395 2375 rent,
425 2324 498 2374 tum,
524 2310 566 2362 vel
590 2306 655 2362 dato
680 2310 756 2380 jure,
782 2309 830 2380 qui
871 2308 920 2360 lib.
936 2308 1085 2372 xxxvll‚
1100 2327 1161 2380 cap.
1178 2307 1386 2375 3,·sexdeua·

315 2394 416 2447 ferrent
437 2391 494 2444 siue
509 2387 598 2442 debita
616 2388 734 2460 principi
757 2407 831 2441 reve·
872 2387 919 2440 riis
927 2389 1023 2440 aureis.
1034 2413 1046 2435 2
1059 2389 1151 2441 llaan.

316 2473 410 2527 sentia.
423 2473 455 2524 In
468 2467 636 2524 recensendis
652 2468 694 2522 his
709 2469 829 2522 crimini·
914 2466 941 2519 3.
958 2467 1033 2537 Quod
1044 2480 1069 2520 et
1079 2471 1125 2540 ips.
1136 2467 1205 2523 latet.
1218 2467 1329 2523 Primae
1342 2486 1386 2522 cu·

315 2555 367 2608 bus
380 2552 508 2623 frequens
521 2562 561 2602 est
572 2550 688 2602 Tacitus.
703 2550 787 2602 Bnor.
874 2545 969 2600 dendo
980 2567 1086 2601 exauro
1101 2559 1213 2601 monetae
1223 2551 1285 2619 quis
1294 2562 1386 2603 auctor

359 2650 405 2685 aa.
419 2630 563 2703 AEqualiter
579 2628 725 2700 prsblicmdo
740 2632 831 2700 priuci-
873 2628 1016 2692 exstiterit,
1032 2628 1110 2681 etiam
1125 2628 1196 2700 apud
1211 2642 1336 2692 exteros,
1348 2630 1385 2682 la·

314 2730 377 2784 pem.
388 2708 830 2781 Dataexaequoomnibuspublice
874 2718 920 2759 tet.
938 2711 1054 2760 Aureum
1073 2721 1283 2779 argenteumque
1307 2726 1385 2762 nuru·

318 2791 395 2846 venia
409 2787 518 2861 gerendi
529 2788 659 2860 principis
669 2786 829 2859 imaginem,
872 2804 946 2839 mum
968 2786 1062 2859 Lydos
1078 2788 1196 2860 primum
1215 2788 1383 2853 cenitavisse,

318 2884 345 2925 et
356 2873 442 2942 ipsum
457 2866 584 2922 adeundi.
598 2868 688 2921 Haau.
873 2878 965 2920 auctor
985 2880 1024 2920 est
1040 2866 1167 2921 llerodot.
1189 2865 1265 2933 Clio,
1283 2868 1335 2922 tib.
1358 2870 1385 2933 Ι,

357 2950 435 3003 xm.
457 2968 481 3002 r.
498 2948 647 3001 Proximum.
661 2946 829 2999 «Pessimum
872 2964 947 2999 aum.
963 2953 1008 3015 94.
1024 2946 1114 3000 Haeo.

318 3030 379 3084 vitae
393 3027 477 3083 scelus
489 3026 566 3095 lecit,
577 3040 606 3080 ut
621 3027 677 3096 ipse
688 3024 831 3079 admonuit
914 3028 941 3089 Ι.
959 3027 1025 3078 Ante
1035 3027 1185 3097 Pyrrhum...
1197 3026 1325 3081 devictum.
1341 3029 1386 3080 Est

318 3127 376 3181 cap.
393 3115 428 3172 d,
445 3107 491 3179 qui
509 3108 614 3179 primus
630 3124 725 3158 aurum
740 3104 830 3176 digitis
872 3117 960 3158 autern
980 3104 1102 3159 devictus
1120 3123 1191 3158 auno
1210 3105 1295 3159 Urbis
1310 3114 1386 3177 ¹App,

319 3187 425 3241 induit:
441 3213 452 3234 .
467 3204 538 3239 nunc
547 3189 682 3256 proximum
692 3186 726 3238 ab
741 3204 773 3238 eo
783 3205 832 3237 sce·
874 3197 904 3238 ut
919 3184 1037 3238 diximus
1048 3185 1096 3239 lib.
1106 3185 1189 3248 VIII,
1202 3202 1261 3255 cap.
1273 3186 1346 3241 uls.

320 3270 357 3321 lua
375 3269 464 3335 secisse
487 3266 617 3336 arguitur,
639 3260 707 3336 iqui
728 3266 831 3337 primus
916 3265 942 3317 5.
957 3265 1076 3317 Librales.
1094 3266 1185 3337 Usque
1200 3265 1234 3318 ad
1249 3266 1386 3337 Pyrrhum

319 3347 457 3401 denarium
470 3365 502 3398 ex
518 3364 582 3397 auro
596 3344 718 3415 signavit.
730 3368 742 3389 ι
755 3345 790 3399 Η.
874 3341 1019 3410 devictum,
1030 3345 1133 3416 inquit,
1146 3344 1229 3397 immo
1240 3358 1340 3417 etpost
1353 3348 1387 3400 il·

361 3448 386 3482 a.
402 3428 444 3479 Ea
456 3444 517 3476 aura
528 3425 660 3477 denarium.
674 3424 784 3476 Nummi
798 3442 831 3476 ex
874 3422 921 3475 lud
941 3435 1047 3495 tempus
1063 3424 1216 3496 aliquanto,
1234 3443 1262 3477 as
1282 3427 1335 3479 luit
1355 3426 1387 3478 li·

320 3524 384 3560 auro
400 3504 503 3559 denarii
516 3522 623 3575 quoque
635 3502 769 3574 appellati.
782 3504 832 3556 Pe·
873 3503 942 3555 baali
956 3503 1090 3574 pondere,
1108 3522 1140 3556 ex
1160 3523 1226 3569 acre,
1245 3504 1302 3558 sive
1318 3506 1387 3559 duo·

320 3598 390 3639 trun.
404 3588 490 3655 Satyr.
502 3602 530 3655 p.
545 3588 596 3636 106
612 3602 618 3637 :
637 3610 648 3632 ι
659 3584 713 3635 Pro
724 3581 832 3635 calculis
874 3580 960 3635 decim
969 3586 1105 3637 unciarum
1116 3603 1123 3635 e
1135 3582 1386 3655 atquesdeosemis·

318 3665 385 3719 albis
396 3684 426 3718 ac
439 3664 521 3734 nigris
532 3681 624 3715 aureos
641 3674 831 3733 argenteosque
875 3664 918 3726 sis,
927 3680 971 3715 sex
981 3663 1122 3716 unciarum
1133 3682 1141 3716 :
1151 3665 1242 3726 triens,
1251 3677 1383 3735 quatuor:

318 3744 433 3798 habebat
449 3742 580 3795 denarios.
595 3767 606 3789 ι
621 3740 655 3795 Et
675 3760 735 3813 pag.
756 3744 828 3794 160:
874 3740 1008 3814 quadrans
1035 3743 1140 3795 trium:
1168 3756 1290 3809 sextans,
1312 3747 1387 3816 cujus

322 3850 334 3873 ι
345 3825 407 3877 Nou
421 3822 548 3875 habemus
562 3820 665 3874 aedilem
681 3821 762 3873 trium
770 3840 831 3874 cau·
874 3822 976 3873 mentio
988 3822 1098 3875 inferius
1113 3842 1171 3895 cap.
1191 3827 1246 3887 48,
1259 3822 1385 3879 duarum.

317 3922 459 3957 nearum...
474 3902 535 3973 plus
554 3900 639 3955 indie
655 3918 829 3970 nummorum
875 3904 952 3954 aises
982 3901 1085 3956 libriles
1119 3903 1237 3974 appellat
1258 3904 1386 3958 Volusius

317 3983 430 4054 accipit,
450 4000 530 4054 quam
550 3982 616 4034 alter
636 3981 828 4052 patrimonium
873 3980 1035 4044 Maecianus,
1046 4000 1106 4053 pag.
1119 3984 1185 4038 aaa.
1201 3982 1290 4037 Schol.
1303 3983 1386 4037 Persii

316 4062 404 4116 hahet.
418 4062 478 4117 Jam
492 4062 547 4114 scio
558 4061 691 4131 acceperit
706 4059 830 4114 denarios
872 4058 907 4113 ad
922 4060 1010 4134 Satyr.
1024 4063 1068 4114 Il:
1086 4062 1167 4115 ‹Fuit
1177 4074 1265 4115 autern
1278 4063 1342 4115 assis
1354 4063 1386 4115 li·

315 4140 391 4195 mille
415 4159 545 4196 aureon-
571 4138 721 4212 Didymus:
743 4138 782 4194 Τὰ
797 4136 828 4193 dl
872 4140 969 4210 bralis,
988 4154 1014 4195 et
1029 4139 1205 4213 dupondius:
1221 4146 1294 4213 quod
1304 4140 1384 4195 laodic
