2950 5000
293 501 298 510 .
364 442 434 517 338
629 441 669 510 C.
696 437 868 508 PLlNll
893 439 1002 510 NAT.
1030 441 1162 512 HlST.

362 603 435 676 quae
452 575 639 647 doctrinam
656 595 731 640 eam
752 573 933 642 continent.
954 576 1127 669 Praecipua
1142 577 1214 671 ejus
1231 580 1264 648 iu
1281 596 1339 651 arte
1351 604 1388 651 ra·

363 701 478 756 nustas
497 684 574 768 fuit,
598 702 702 775 quum
720 678 837 748 eadem
854 693 950 750 rente
977 683 1111 753 maximi
1133 686 1275 778 pictores
1292 703 1389 758 essent:

361 815 504 889 quorum
531 810 634 884 opera
700 810 758 854 um
780 785 1010 875 admiraretur,
1035 789 1232 863 collaudatis
1257 795 1392 880 omnibus,

361 901 475 970 deesse
495 898 533 967 iis
549 918 650 963 unam
704 893 872 962 Venerem
888 893 1036 982 dicebat,
1055 921 1157 991 quam
1171 901 1278 970 Graeci
1289 901 1392 972 Charite

361 989 538 1076 vocant⁸⁷z
561 1014 680 1072 oaetera
701 1000 811 1068 omnia
832 1001 1026 1094 contigisse,
1050 1003 1108 1072 sed
1131 1004 1196 1074 hac
1213 1006 1272 1076 soli
1291 1008 1392 1077 sibine

311 1129 342 1181 ι8
361 1116 484 1184 minem
505 1133 630 1205 parem.
649 1103 809 1175 Elatiam
829 1105 967 1200 gloriam
987 1112 1181 1204 usurpavit,
1201 1138 1299 1207 quum
1313 1117 1393 1182 Proto

361 1221 454 1318 genis
474 1241 558 1314 opus
574 1213 727 1282 immensi
737 1198 890 1282 laboris⁸⁸
902 1235 941 1284 ac
956 1239 1045 1284 eurae
1058 1241 1159 1311 supra
1175 1220 1307 1290 modum
1318 1221 1394 1289 auria

362 1319 757 1401 miraretur.Dixitenim,
768 1319 879 1387 omnia
889 1319 951 1388 sibi
964 1345 1040 1389 cum
1054 1320 1111 1392 illo
1124 1327 1214 1417 paria
1229 1323 1394 1414 esse,autill

362 1431 500 1502 meliora
515 1453 523 1498 ε
541 1425 598 1498 sed
612 1450 680 1494 uno
693 1449 729 1494 se
745 1439 924 1518 praestare,
938 1426 1027 1520 quod
1038 1451 1176 1500 manum
1188 1429 1243 1503 ille
1259 1433 1299 1502 de
1312 1431 1396 1502 tabula

361 1564 430 1610 non
449 1539 549 1608 sciret
569 1515 716 1603 tollere⁸⁹
730 1523 743 1594 τ’
759 1529 965 1601 memorabili
981 1550 1170 1630 praecepto,
1202 1564 1316 1610 nocere
1333 1561 1396 1635 sepe

361 1646 497 1716 nimiam
520 1638 735 1735 diligentiam.
755 1639 831 1707 Fuit
853 1652 963 1708 autem
986 1665 1054 1709 non
1080 1645 1222 1716 minoris
1243 1645 1398 1742 simplicita-

360 1755 418 1834 tis,
436 1773 535 1847 quam
550 1749 639 1816 artis.
656 1744 744 1813 Nam
762 1744 903 1814 cedebat
920 1747 1099 1842 Amphioni
1113 1749 1156 1820 de
1172 1749 1399 1848 dispositione',

358 1929 490 1995 mlv,
509 1946 569 1999 cap.
593 1941 645 1993 19,
669 1919 703 1976 de
724 1921 869 1996 Lysippo:
916 1923 999 1978 mium
1012 1925 1104 1993 fuisse,
1118 1946 1208 2002 eoque
1223 1932 1400 2007 nominenpre

359 2003 575 2068 «statuariearti
590 2002 737 2076 plurimum
758 2001 872 2056 traditur
915 2001 1012 2071 hendi,
1035 2005 1108 2078 quod
1129 2023 1186 2063 erat
1213 2013 1399 2075 esimilimdinie,

358 2089 510 2148 contulisse.
521 2111 532 2134 ι
544 2085 606 2139 tib.
621 2081 736 2147 XXXV,
748 2101 807 2154 cap.
824 2079 871 2147 35,
915 2100 993 2156 quam
1006 2085 1400 2160 pulchritudinis,amsotior.·ll

357 2173 393 2227 de
403 2169 573 2242 Polygnoto:
587 2190 598 2213 ι
610 2162 817 2233 Plurimumque
832 2161 872 2234 pi·
956 2167 1003 2220 88,
1016 2165 1161 2237 Protogenis
1174 2189 1235 2240 qm,
1245 2176 1343 2227 mm·
1352 2175 1403 2226 ω,

356 2267 440 2308 etune
450 2249 554 2320 primns
574 2241 720 2297 eontulit·
737 2239 804 2312 Cep.
821 2243 871 2309 36,
915 2245 957 2298 ris.
971 2243 1034 2299 Haeo
1048 2265 1110 2300 sane
1126 2259 1164 2302 est
1178 2249 1260 2322 Ialysi
1273 2251 1402 2318 tubulade

356 2332 391 2387 de
406 2325 573 2401 Apollodoro
592 2344 599 2376 e
620 2349 632 2371 ι
642 2321 803 2392 Primusqare
815 2321 872 2393 glo·
914 2339 965 2394 qua
989 2343 1052 2378 mox
1077 2325 1281 2400 interdicetur,
1297 2353 1366 2405 quam
1382 2343 1404 2386 ut

356 2413 423 2468 riam
437 2405 566 2482 penicillo
578 2405 638 2474 jure
649 2401 771 2455 contulit.
784 2427 795 2448 ·
814 2399 849 2455 Η.
914 2403 1067 2472 perficeret,
1091 2421 1191 2480 septem
1209 2429 1293 2466 annor
1310 2411 1404 2485 explerit

397 2492 445 2546 86.
466 2486 555 2543 ΗΜ.
576 2483 699 2539 Gronov.
711 2493 739 2535 et
754 2479 796 2533 sl.
810 2491 872 2537 ante
914 2481 1085 2557 Protogenes.
1097 2485 1135 2543 Eu
1154 2489 1229 2556 vira,
1241 2510 1297 2565 pn
1311 2492 1404 2548 dmin.

356 2568 440 2626 Hand.
452 2588 524 2622 unam
534 2566 602 2619 illem
616 2562 741 2614 Venerem.
757 2560 809 2614 En.
914 2561 987 2617 tione
999 2564 1035 2618 its
1048 2567 1189 2640 obstupuit
1201 2570 1404 2643 sputamina

397 2643 870 2721 87.Groeee'Clar-itavoeont.1elprre,
913 2660 975 2695 enm
989 2639 1130 2699 deficeret:
1143 2647 1245 2706 deinde
1262 2650 1327 2707 dixit
1335 2654 1406 2726 ingen·

356 2726 537 2797 Quintilianus
547 2724 658 2797 gratiam
668 2731 763 2783 aocet,
773 2730 800 2774 et
810 2721 871 2791 pul·
913 2732 966 2775 tem
977 2740 1033 2777 esee
1040 2725 1160 2781 laborem
1170 2742 1197 2783 et
1205 2730 1335 2805 inclytum
1345 2752 1407 2807 opus,

355 2806 544 2865 chritudinem.
554 2804 602 2858 Est
610 2800 738 2856 nimirum
750 2798 777 2852 ln
786 2802 872 2872 pietu·
913 2798 994 2855 deliri
1007 2816 1094 2859 tamn
1115 2810 1226 2879 gratiis,
1246 2815 1283 2866 ob
1304 2832 1363 2887 quse
1374 2812 1406 2885 pi·

356 2890 411 2954 ris,
425 2900 525 2961 preter
545 2896 648 2937 nature
672 2880 869 2947 imitationem,
912 2894 1063 2937 eturaesuae
1078 2888 1172 2942 celum
1195 2892 1408 2965 attingerent&

356 2988 416 3043 qne
430 2986 491 3040 pars
505 2963 617 3037 picture
629 2962 715 3033 prima
730 2972 784 3023 est,
793 2958 871 3031 quid·
913 2960 1084 3019 Plutarchum
1098 2966 1127 3019 in
1142 2966 1303 3041 Demetrio,
1317 2994 1343 3047 p.
1354 2974 1406 3045 898.

356 3050 418 3104 dam
439 3042 513 3121 quod
537 3044 623 3097 risum
646 3050 772 3103 moveat,
793 3034 869 3111 qnod
912 3042 997 3095 llaor.

355 3129 449 3183 oculos
469 3124 597 3185 delectet,
619 3118 702 3193 idque
721 3136 777 3171 non
792 3115 870 3190 ‘repu-
954 3123 1002 3190 ⁸9·
1025 3122 1101 3193 Quod
1113 3146 1210 3183 ‚mm
1232 3134 1276 3187 ,¹110
1295 3132 1325 3188 ᾗ
1342 3132 1408 3186 ,Μ

354 3228 439 3281 gnam
457 3202 568 3279 quidem
586 3214 702 3265 nature,
716 3196 763 3251 sed
782 3198 815 3250 eb
838 3216 869 3253 ee
912 3218 961 3252 reon
974 3206 1045 3255 sobet
1065 3206 1155 3261 tollere.
1175 3208 1277 3269 Cioem
1299 3215 1326 3268 in
1347 3211 1407 3267 ont.

356 3277 869 3360 tamenprulisperreredene,etaecom·
911 3297 940 3333 n.
959 3282 1010 3350 73,
1031 3282 1059 3336 in
1080 3303 1135 3358 qno
1154 3290 1266 3361 Apelt„
1292 3294 1409 3367 ,ptum

355 3367 468 3421 mudena
478 3383 533 3419 sese
546 3359 706 3416 intuentium
718 3356 821 3432 judicio
837 3374 869 3413 ac
911 3376 1020 3434 quoque
1040 3380 1086 3418 eos
1104 3384 1219 3439 peccare
1240 3372 1359 3439 dicebat,
1373 3373 1408 3447 qul

355 3446 495 3520 voluptati.
508 3442 541 3497 Id
552 3438 626 3514 quod
637 3458 669 3493 ex
683 3438 804 3511 Lysippo
824 3435 867 3491 in·
910 3456 966 3492 non
979 3442 1107 3498 sentirent
1119 3446 1184 3519 quid
1198 3466 1271 3507 m
1283 3456 1368 3509 nri„
1382 3452 1408 3507 Ι,

355 3526 517 3599 telligimus,
539 3540 619 3597 quem
641 3518 732 3573 dicere
757 3516 867 3572 solitum
952 3536 996 3589 9⁰·
1014 3523 1184 3595 Dispositione.
1201 3532 1351 3605 Dispositio
1359 3534 1409 3587 sitne

354 3607 457 3662 Plinius
468 3606 520 3669 ait,
532 3599 580 3655 lib.
591 3597 722 3664 XXXIV,
734 3614 793 3670 cap.
811 3614 866 3668 19:
910 3610 950 3652 est
960 3600 1104 3672 figurarum
1117 3608 1242 3666 omnium
1258 3632 1290 3668 ιο
1304 3632 1410 3689 pasora-

357 3715 369 3736 ι
380 3690 404 3741 A
417 3684 551 3740 veteribus
564 3680 662 3744 laetos,
675 3675 766 3751 quales
780 3690 867 3733 essent
909 3694 989 3744 rum,
1012 3682 1113 3755 quibus
1134 3688 1228 3744 tabula
1253 3708 1366 3760 constat,
1381 3694 1409 3747 sit

353 3767 474 3822 bomines
486 3782 521 3817 :a
540 3781 580 3823 se,
601 3757 692 3831 quales
710 3754 867 3813 riderentur
910 3770 1025 3829 sptoeac
1035 3762 1184 3828 institarum.
1198 3784 1231 3825 nt
1245 3792 1296 3829 suo
1307 3772 1409 3849 quidque

352 3842 522 3903 ffl0,.1llnd
529 3835 799 3905 similitudinis,iamd
809 3838 868 3908 pul·
909 3836 985 3905 loco,
997 3858 1051 3895 uon
1065 3844 1164 3914 elieno,
1179 3850 1339 3909 eoum„
1353 3856 1410 3907 2¹07.

350 3924 585 3989 chritudinisesse
606 3916 864 3983 Fabinsdixit‚loc.
908 3916 1033 3973 donnum
1052 3922 1114 3978 d'un
1134 3928 1245 3987 tellenas.
1275 3934 1362 3990 How.
1378 3960 1409 3975 .-

258 4059 260 4062 .
349 4010 394 4062 cit.
408 4026 436 4079 p.
451 4004 526 4074 895,
539 4019 624 4075 quum
644 3996 812 4052 Demetrium
826 3998 865 4051 al·
909 3996 975 4052 Narra
995 4002 1093 4056 redebet
1118 4008 1260 4079 Amphioni
1277 4016 1309 4069 Α,
1326 4018 1410 4087 &W

347 4090 438 4144 firmat
451 4086 479 4139 in
495 4082 604 4138 veritate
622 4074 799 4153 exprimenda
820 4076 861 4131 ni·
906 4080 977 4131 tione.
997 4080 1031 4135 In
1045 4084 1124 4141 ttSS.
1143 4088 1232 4165 Repg.
1249 4094 1409 4169 mmm
