2950 5000
455 445 613 563 pruna
642 443 846 513 xxxvii.
1117 448 1190 545 569

116 577 169 649 vel
193 578 308 673 nigra,
327 590 362 646 et
389 572 569 669 aliquando
592 574 733 670 pallida,
760 576 927 646 ambiente
947 577 1072 651 circulo
1097 586 1189 653 aunei

29 761 37 777 ,
116 684 249 770 coloris,
264 681 459 777 appellatur.
474 680 767 752 Hexecontalitbos
782 684 816 751 in
827 681 948 777 parva⁹
962 687 1189 780 magnitudine

115 788 318 874 multicolor,
335 789 400 858 hoc
420 788 481 857 sibi
499 814 622 857 nornen
647 788 829 881 adoptauit.
852 791 1030 882 Reperitur
1048 792 1082 860 in
1103 796 1188 863 Tro·

115 896 284 993 glodytica
303 896 447 989 regione.
469 892 680 965 Hieracitis¹⁰
693 891 838 963 alternat
857 893 1001 965 milvinis
1022 899 1189 992 nigrisque

114 1000 363 1094 velutiplurnis.
378 1002 555 1069 Hammitis
566 999 588 1025 ¹¹
609 1002 682 1070 ovis
700 1001 842 1093 piscium
860 1000 974 1073 similis
990 1017 1059 1085 est,
1074 1018 1108 1072 et
1125 1004 1188 1073 alin

116 1105 209 1177 velut
242 1104 363 1176 nitro¹²
397 1108 600 1201 composita,
629 1105 782 1201 praedura
819 1104 951 1200 alioqui.
991 1111 1225 1187 Hammonise

115 1238 221 1283 cornu
233 1198 258 1236 ¹³
277 1214 364 1281 inter
380 1214 617 1282 sacratissimas
631 1212 808 1305 AEthiopiaa
829 1237 997 1307 gemmas,
1012 1238 1114 1284 aureo
1131 1240 1187 1287 co·

115 1316 208 1405 lore,
227 1320 357 1389 arietini
381 1342 504 1389 cornus
524 1317 669 1413 effigiem
690 1315 1076 1455 reddens,promittitur
1098 1346 1186 1416 prae·

114 1425 228 1495 divina
237 1426 365 1494 somnia
377 1438 623 1518 representare.
641 1422 861 1493 Hormesion¹
889 1427 976 1494 inter
989 1422 1190 1521 gratissimas

10 1593 14 1621 ,
115 1531 286 1625 aspicitur,
307 1555 348 1599 ex
370 1532 470 1623 igneo
487 1529 599 1599 colore
625 1530 758 1599 radians
776 1553 879 1615 auro,
899 1546 1054 1623 portante
1075 1556 1188 1603 secum

115 1640 150 1707 in
172 1636 436 1707 extremitatibus
457 1636 632 1705 candidam
662 1635 782 1705 lucem.
813 1637 958 1729 Hyaeniae
968 1623 990 1661 ¹⁵
1024 1662 1065 1707 ex
1086 1639 1190 1709 oculis

115 1783 236 1837 diximus
244 1783 292 1836 lib.
303 1783 410 1846 XVIII,
420 1802 479 1855 esp.
495 1801 542 1839 aa.
554 1782 631 1836 MSS.
674 1797 796 1853 vergens,
809 1781 922 1853 aliisque
931 1782 1045 1837 subinde
1056 1786 1190 1841 alternatis

11 1907 12 1915 ,
114 1876 206 1918 tamen
226 1881 319 1916 omnes
341 1864 394 1915 boc
415 1863 477 1936 loco
498 1863 633 1915 demenda
675 1861 811 1915 coloribus
836 1874 894 1915 toto
920 1882 1034 1934 corpore
1058 1866 1190 1921 Interstin·

11 1943 14 2034 Ἰ
115 1944 254 1997 exhibent.
272 1944 363 1995 llsnn.
675 1941 1190 2015 ctnnutrariicolorisdicipossit.·H.

159 2042 188 2091 9.
203 2020 417 2073 Hereeontalitlos
435 2022 461 2071 ln
476 2040 569 2091 paron,
590 2034 632 2075 etc
719 2038 764 2072 rr.
779 2020 918 2072 Hnmnn'n‘s.
931 2020 1013 2086 Quod
1028 2022 1121 2096 ἅμμον,
1137 2026 1189 2079 lroc

116 2099 202 2167 Quod
221 2101 400 2154 multicolores
418 2099 446 2151 in
471 2117 502 2152 ea
522 2119 633 2171 gemmus
674 2112 723 2164 est,
734 2099 856 2151 sabulum
872 2100 916 2152 rix
932 2103 1002 2156 mole
1011 2118 1190 2173 superet,eut

116 2176 398 2252 deprehenderentur,
433 2179 633 2233 memoratos
675 2177 750 2251 quod
764 2177 858 2231 eodem
876 2177 987 2245 recidit,
1003 2183 1117 2251 piscium
1130 2203 1188 2239 orn.

115 2259 188 2314 dicta
202 2273 252 2313 est.
261 2259 348 2313 Sam.
359 2290 399 2301 -
408 2258 631 2313 Heseconrnlr'thos.
676 2259 769 2310 Hero.

117 2340 243 2404 Solinus,
256 2357 317 2409 cap.
330 2357 406 2403 sm,
419 2356 446 2408 p.
458 2339 506 2404 58,
517 2337 552 2391 de
564 2342 633 2393 Tro·
718 2354 762 2390 ra.
771 2338 807 2387 Et
816 2338 945 2389 aliaurlni
955 2342 1028 2391 niem.
1046 2366 1058 2387 ι
1071 2342 1191 2395 flammi.

9 2407 17 2432 l
116 2418 262 2491 glodytis:
289 2442 300 2464 ι
314 2420 431 2471 Tantum
457 2416 546 2488 lapide
578 2436 633 2471 uno
675 2428 714 2469 tes
726 2415 822 2469 similis
834 2418 922 2481 nitro,
936 2416 1100 2483 seddurior,
1121 2446 1132 2468 ι
1148 2422 1190 2475 in-

117 2500 279 2572 gloriantur,
293 2517 373 2569 quem
388 2499 568 2562 ίξηκοντάλιοον
585 2518 634 2552 no·
675 2496 736 2568 quit
745 2493 843 2550 Isidor.
856 2496 931 2568 Orig.
943 2497 992 2550 lib.
1006 2500 1123 2565 xv1,c.
1138 2511 1189 2566 14:

118 2579 265 2639 minamur,
276 2576 455 2647 remetieris
472 2577 546 2630 notis
558 2596 633 2650 spar-
679 2576 825 2647 sGignitur
839 2577 867 2630 in
886 2577 1021 2649 AEthiopia
1038 2591 1064 2632 et
1076 2583 1189 2646 Arabia,

117 2678 197 2723 snm,
218 2671 248 2712 ut
263 2659 399 2729 sexaginta
408 2673 573 2728 gemmarum
587 2676 632 2710 co·
675 2669 742 2709 etc·
764 2657 854 2710 Hnno.

10 2723 17 2796 ‚¹
117 2739 191 2792 Iores
201 2739 231 2790 in
239 2757 323 2808 parvo
336 2739 393 2807 ejus
405 2737 528 2790 orbiculo
537 2735 634 2807 depre-
719 2737 765 2787 13.
779 2736 922 2788 Hammonis
931 2756 1013 2790 cornu.
1028 2739 1080 2791 Vel
1094 2758 1126 2792 ex
1139 2741 1192 2794 hoc

9 2817 17 2830 ’⁴
118 2815 283 2870 bendantur.
299 2843 311 2864 ι
327 2817 392 2870 llaec
414 2815 525 2869 totidem
546 2816 634 2868 verbis
676 2813 737 2868 loco
756 2805 913 2885 intelligitur
938 2817 1013 2868 loris
1036 2815 1193 2872 Hammonis

10 2890 18 2918 *⁴
117 2893 293 2960 Iisrbodeus,
302 2913 359 2967 cap.
373 2903 482 2960 xxxvt13
493 2895 635 2960 Albertus,
676 2892 792 2962 effigiem
807 2912 892 2946 cornu
907 2895 1048 2948 arietinum
1060 2897 1087 2948 in
1104 2899 1192 2952 fronte

118 2995 149 3048 p.
170 2977 245 3043 adr,
265 2973 395 3040 Isidorus,
408 2975 484 3045 Orig.
498 2975 545 3027 lib.
558 2975 635 3040 xvl,
677 2985 806 3044 gestasse,
828 2974 906 3043 qunle
926 2974 954 3026 in
975 2992 1087 3028 nummo
1108 2979 1192 3048 Cyre-

9 3086 11 3094 .
119 3075 180 3128 up.
201 3074 247 3111 rs.
260 3054 352 3107 Iliun.
677 3069 796 3104 nasorum
812 3063 939 3122 argenteo
955 3054 1131 3124 conspicitur,
1146 3057 1196 3128 qui

165 3154 209 3190 ro.
224 3135 378 3194 Hieronicae,
393 3133 501 3184 aberrat
512 3141 571 3185 tota.
584 3133 637 3186 Le·
677 3131 779 3201 ubique
793 3143 833 3184 est
848 3130 951 3184 obvius.
967 3132 1058 3184 Hanc.

11 3207 18 3239 '⁹
119 3213 202 3287 gend.
217 3213 391 3276 -Hieracitis,
407 3211 536 3265 alternata
550 3211 638 3264 milvi·
723 3216 768 3272 sd.
785 3211 936 3263 Hermesr'nn.
952 3211 982 3262 In
999 3211 1093 3265 Indice
1105 3214 1193 3266 hormi-

120 3294 165 3347 nis
183 3291 319 3365 nigrisque
334 3290 407 3345 velut
422 3291 535 3362 plumisz
550 3317 561 3338 ι
578 3309 637 3362 qu·
678 3291 741 3342 sinn.
754 3287 871 3343 Isidorus
882 3325 890 3352 ,
902 3290 950 3342 Or.
962 3290 1009 3342 lib.
1022 3292 1099 3357 XVI,
1110 3311 1134 3348 e·
1148 3297 1193 3358 13,

119 3372 271 3428 alternatim
294 3371 412 3424 milvium
433 3371 515 3423 veluti
538 3371 637 3441 planule
679 3371 837 3434 Errnisnion,
856 3367 1001 3423 mendose:
1026 3371 1126 3443 alioqui
1147 3391 1195 3426 eat·

9 3445 17 3483 ‘⁴'
120 3471 153 3507 sc
174 3452 258 3522 nigris
277 3450 401 3506 distincta
419 3463 466 3504 est.
486 3449 573 3503 Serus.
600 3479 637 3493 -·
679 3461 736 3502 tera
759 3445 793 3501 de
813 3467 916 3518 gemma
937 3465 968 3502 ea
982 3448 1094 3503 totidem
1107 3454 1195 3506 verbis

10 3535 14 3562 l
121 3529 637 3600 Hierneitis.Ablips(,qusevoracci·
678 3528 770 3581 refert.
782 3527 874 3582 Henn.

9 3615 14 3643 ¹
120 3612 222 3684 pitrem
238 3623 265 3664 et
278 3611 390 3662 milvum
405 3623 491 3662 sonat.
507 3601 636 3678 Ispasisns
723 3607 1193 3680 15.Hyoenioeenoculislryoenoe.1.eg.

10 3696 18 3725 i
119 3695 203 3756 tuse,
214 3689 304 3751 Aetio,
315 3689 361 3742 lib.
372 3689 417 3752 11,
429 3707 454 3740 c.
462 3687 509 3748 30,
522 3707 553 3740 ex
561 3689 638 3742 ttss.
683 3713 697 3735 ι
710 3686 829 3756 Hyasniae
842 3705 874 3740 ex
888 3686 973 3740 oculis
987 3687 1106 3757 hyenae,
1118 3702 1144 3741 et
1156 3691 1194 3742 ob

121 3769 185 3826 cod.
198 3771 336 3837 ὓπόχλυρος
356 3769 398 3838 μὲν
414 3769 463 3831 les,
481 3769 523 3821 nni
536 3770 597 3836 πρὸς
609 3769 638 3820 τὸ
679 3765 707 3819 id
715 3765 822 3829 invasae,
831 3765 944 3818 inveniri
954 3762 1194 3832 dimotum-Saus.

9 3859 14 3887 t
122 3853 202 3920 pm,
220 3849 427 3920 ινςηραμμενος,
447 3849 638 3918 ὶπιμραμμάνος
681 3846 969 3918 -Hynnioeesoculis
983 3843 1196 3913 solimorum,

122 3929 333 4001 lpseielrs'psrs,
347 3927 500 3988 nenessitas
516 3922 636 3992 eltaniae
681 3945 709 3996 p.
729 3925 783 3988 51;
801 3923 935 3984 Isidorus,
954 3923 1030 3996 Orig.
1047 3925 1094 3978 lib.
1114 3927 1197 3991 XVI,

122 4008 185 4078 pasl
192 4009 305 4076 Διογένης
317 4009 345 4074 is,
356 4014 391 4076 τῷ
404 4005 459 4076 nspl
472 4006 551 4058 λίθων.
568 4034 579 4054 ι
590 4007 639 4058 La·
683 4023 742 4074 cap.
760 4009 808 4069 ru,
824 4003 950 4058 Albertus
962 4003 1089 4076 Magnus,
1099 4003 1134 4059 de
1146 4007 1198 4060 Ili·

123 4088 168 4160 pis
196 4085 368 4150 strbviridis,
406 4085 440 4140 ad
471 4075 639 4158 nigredinem
684 4102 741 4138 ner.
767 4102 794 4152 p.
819 4083 883 4138 232.
901 4085 991 4136 Ilsnn.
