2950 5000
426 481 584 552 nmen
609 445 796 553 xxxni.
1096 478 1138 551 6ι

85 617 194 710 gisque.
210 615 370 704 Quinimo
392 639 461 710 quo
482 617 597 710 saepius
612 617 709 703 arsit,
731 614 864 710 prolicit
882 614 925 683 ad
944 614 1145 703 bonitatem

84 723 209 816 aurique
229 723 494 816 experimentum
514 725 598 818 ignis
619 737 686 806 est,
705 738 744 791 ut
761 720 859 790 simili
878 719 991 791 colore
1009 721 1144 804 rubeat,

84 810 304 923 ignescatque:
322 814 375 897 id⁴
394 829 501 923 ipsum
516 814 708 898 obrussam⁵
724 841 854 897 vocant.
867 830 1015 896 Primum
1031 842 1144 896 autern

83 931 226 1003 bonitatis
240 949 477 1029 argumentum
491 949 559 1021 est,
573 960 672 1030 quam
688 934 883 1004 difficillime
895 933 1045 1003 accendi.
1058 935 1146 1002 Prae·

83 1057 161 1107 terea
182 1042 323 1128 mirum,
341 1027 477 1136 prunae⁶
498 1041 742 1111 violentissima
755 1042 823 1136 igni
845 1041 1064 1124 indomitum,
1086 1064 1144 1134 pa-

82 1143 142 1213 let
157 1147 314 1216 citissime
330 1147 502 1216 ardescere
518 1173 526 1215 τ
546 1161 644 1242 atque
661 1163 697 1217 ut
715 1161 895 1242 purgetur,
910 1169 988 1216 curn
1003 1145 1145 1240 plumbo

82 1255 179 1345 coqui.
199 1252 313 1322 Altera
329 1277 429 1322 causa
447 1256 542 1348 pretii
564 1259 681 1347 major,
699 1277 799 1348 quarn
820 1254 995 1322 minimum
1014 1277 1076 1322 usu
1090 1252 1144 1321 de·
1162 1258 1184 1328 3'

81 1359 255 1452 teri,quum
267 1375 425 1454 argento,
440 1384 519 1447 cere,
534 1361 688 1454 plumbo,
703 1344 815 1428 lineae⁸
824 1359 1062 1454 producantur,
1074 1383 1143 1427 ma·

83 1487 199 1558 nusque
221 1465 416 1535 sordescant
437 1465 574 1536 decidua
597 1469 744 1536 materia.
768 1465 841 1534 Nec
860 1464 951 1534 alind
969 1465 1075 1533 laxius
1092 1465 1143 1533 di·

83 1567 204 1656 latatur,
226 1587 287 1641 aut
306 1574 515 1642 numerosius
547 1572 715 1660 dividitur,
733 1587 850 1666 utpote
875 1573 970 1666 cujus
987 1574 1093 1640 unciae
1110 1572 1144 1639 in

83 1678 284 1772 septingenas
297 1691 332 1746 et
344 1680 610 1774 quinquagenas,
629 1677 807 1776 pluresque
820 1677 971 1747 bracteas
977 1677 1002 1761 ⁹,
1017 1692 1148 1772 quater-

83 1872 297 1932 den'deranturiu
311 1892 403 1932 nostro
418 1881 588 1952 apographo,
633 1901 666 1952 ρῳ
694 1880 799 1937 τήκεται
824 1882 915 1950 μᾶλλον
936 1882 948 1932 t
969 1881 1072 1948 χρυσὸς,
1095 1890 1146 1933 etc.

84 1969 106 2008 tt
117 1956 170 2028 ipsa
182 1977 231 2030 per
249 1978 277 2012 ae
288 1959 350 2012 satis
365 1958 589 2014 ostendunt.falso
633 1960 745 2014 Causam
758 1959 781 2011 is
793 1957 892 2012 deinde
903 1959 997 2024 aliert,
1009 1977 1058 2012 cur
1068 1958 1145 2030 palea

85 2033 177 2106 adjecta
189 2057 254 2090 esse.
267 2039 348 2092 Pisa.
633 2039 727 2103 citius,
750 2057 830 2109 quarn
855 2040 991 2103 carbone,
1017 2037 1147 2109 liquefiat.

120 2123 145 2179 4.
165 2117 204 2169 ld
238 2117 310 2170 Illud
336 2116 459 2171 videlicet
486 2119 590 2190 experi-
634 2119 736 2171 Locum
753 2118 871 2171 consule.
888 2117 978 2170 IIsan.

85 2209 194 2250 uentum
205 2197 327 2250 aurifices
336 2198 474 2250 obrussam
483 2211 589 2252 vocant.
674 2217 701 2266 7.
719 2197 797 2250 Palea
812 2199 923 2250 citissime
936 2197 1066 2250 ardescere.
1086 2197 1147 2250 Lib.

86 2271 123 2326 stc
138 2276 200 2347 lleg.
220 2295 252 2341 a,
272 2277 380 2348 aliique.
404 2278 515 2330 Obrussa
537 2297 590 2332 vox
633 2277 745 2343 XVIII,
760 2295 820 2348 cap.
837 2295 887 2346 19,
898 2295 1019 2340 acerem,
1032 2295 1087 2329 non
1100 2297 1147 2348 pa·

86 2369 202 2424 usurpata
214 2355 315 2409 Sen.in
328 2375 371 2427 ep.
383 2369 408 2409 et
420 2358 480 2410 Nat.
490 2359 589 2423 Queat.
633 2357 720 2419 leam,
744 2354 779 2409 ad
806 2357 945 2410 aurificum
971 2375 1032 2410 usus
1057 2355 1147 2410 decuti

87 2432 234 2507 Tranquillo
245 2453 354 2509 quoque
365 2437 393 2488 iu
405 2437 521 2502 Nerone,
530 2455 591 2490 nor·
633 2436 735 2490 scribit.
750 2437 853 2490 Drino.

87 2531 150 2567 nam
168 2514 310 2586 significat,
330 2514 365 2568 ad
383 2535 461 2595 quarp
475 2518 590 2589 exigitur
674 2518 702 2569 8.
726 2517 816 2570 Lirim.
842 2516 903 2569 Non
925 2516 1005 2588 tingit
1031 2535 1146 2587 corpora

87 2609 183 2648 aurum.
207 2594 275 2649 Inde
300 2598 448 2668 obryzum,
470 2598 591 2651 coctione
634 2614 693 2667 quas
702 2597 946 2667 tangit:argentum
956 2596 1033 2667 tingit
1041 2615 1147 2667 purum:

89 2674 172 2727 erebra
200 2674 237 2728 ite
268 2688 429 2748 purgatum,
462 2677 531 2731 nihil
562 2690 590 2731 ut
634 2689 727 2729 cetera
760 2678 866 2747 tingunt
895 2676 1032 2740 multum,
1059 2675 1149 2747 inquit

89 2748 177 2807 babeat
191 2754 297 2809 alterius
316 2755 418 2808 metalli
433 2754 591 2811 admixtum.
635 2754 701 2809 Alb.
716 2755 755 2808 M.
771 2754 806 2807 de
819 2756 886 2807 min.
901 2756 954 2819 lv,
969 2775 996 2825 7,
1007 2774 1067 2826 pag.
1082 2756 1149 2825 275·

91 2828 170 2885 schot.
181 2833 266 2888 Thuc.
283 2836 312 2887 in
329 2835 347 2888 l.
361 2835 374 2885 1
386 2854 393 2885 ε
405 2836 501 2905 χρυσίον
527 2836 592 2889 cina·
635 2834 738 2888 Plinius
751 2835 836 2897 inira,
852 2834 885 2888 31
903 2830 910 2887 Ξ
925 2858 936 2879 ⁸
950 2835 1045 2887 Lineas
1061 2854 1092 2887 ex
1107 2853 1149 2887 ar·

91 2914 140 2979 ples
156 2912 344 2984 interpretatur
355 2916 473 2976 πολλάκις
489 2916 574 2985 lintis
582 2954 591 2979 ,
636 2928 716 2985 geuto
726 2915 817 2985 nigras
833 2911 949 2984 produci
962 2914 1085 2986 plerique
1097 2915 1149 2966 tui·

91 2990 134 3051 ὅςι
144 2994 249 3062 γινέσθαι
261 2992 368 3065 &ipsior-
381 2992 471 3048 Hsnn.
636 3006 740 3046 rantur.
755 3019 766 3041 ι
785 2993 877 3046 nisu.

129 3071 153 3124 5.
168 3072 288 3142 Obryzun
301 3086 399 3126 uocmt.
413 3073 479 3144 Igne
494 3092 593 3145 purga·
677 3092 704 3142 9.
723 3074 849 3127 Braneus.
863 3072 968 3125 FeuiIIes
988 3072 1151 3137 d'or,1ami-

93 3148 225 3210 tisuimnm.
253 3172 350 3224 purum
379 3166 486 3225 putum.
512 3150 593 3224 Apud
636 3172 677 3205 nae
694 3166 802 3217 tenues,
823 3165 971 3225 sponteque
993 3152 1148 3224 plicabiles,

93 3228 241 3283 Suetonium
253 3234 279 3285 in
292 3234 418 3296 Nerone,
439 3252 498 3304 esp.
511 3250 592 3285 nuru:
637 3245 715 3304 atque
729 3230 796 3284 adeo
816 3232 858 3284 vel
875 3231 985 3284 minima
1002 3251 1064 3284 aura
1081 3232 1150 3284 bali-

97 3310 185 3363 -ttero
202 3310 302 3383 ingenti
322 3312 427 3383 fastigio
446 3324 472 3364 et
491 3312 595 3365 acerbi·
637 3324 700 3365 tuve
718 3312 782 3363 oris.
799 3312 901 3363 Harum
921 3311 1030 3383 opifices
1046 3312 1152 3364 inaura·

95 3398 140 3441 tate
150 3392 229 3461 exegit
238 3410 380 3445 nummum
392 3410 515 3463 asperum
531 3388 594 3453 (usu
637 3404 707 3445 tores
718 3390 857 3458 braqteurii
872 3391 1007 3461 appellati.
1018 3390 1103 3444 Vetus
1112 3391 1154 3442 in-

94 3467 594 3536 uoudetritum‚recentercusumlar·
638 3470 749 3543 scriptio
765 3468 837 3539 opud
850 3469 959 3523 Gruter.
979 3489 1039 3541 pag.
1064 3476 1151 3540 1074:

96 3560 194 3615 flentum
217 3550 382 3621 postulatum
401 3544 464 3612 (tam
484 3550 532 3609 diu
551 3569 597 3605 co·
638 3552 761 3604 conssul
782 3550 1017 3603 Base-renascaris
1036 3550 1154 3602 Invas-

97 3637 176 3693 etum,
196 3642 225 3683 ut
247 3630 276 3683 in
299 3630 421 3701 pustulas
443 3630 595 3693 attollatur,
639 3648 746 3683 ronnas.
761 3628 843 3682 Falsa.
864 3631 957 3682 Henn.
972 3662 1011 3671 -
1027 3630 1154 3682 Bructeris.

97 3705 161 3774 quod
170 3710 289 3779 perlectae
298 3723 413 3762 cocturae
424 3710 595 3781 acpurgatio·
640 3710 730 3763 Nostri
741 3708 881 3761 bractearii
892 3708 1055 3763 inauratores
1069 3708 1155 3761 adhuc

98 3782 134 3837 uis
146 3786 266 3842 indicium
280 3782 338 3857 est)
353 3802 379 3843 et
400 3808 494 3843 aurum
517 3790 596 3859 obry·
639 3789 838 3843 exercitatiores
862 3807 941 3856 qnam
968 3788 1026 3841 auri
1049 3789 1155 3841 unciam

100 3878 179 3921 tuna
195 3870 263 3923 nn.
640 3869 670 3921 iu
685 3869 770 3938 a,750
778 3869 897 3921 bracteas
907 3880 1049 3939 spargunt3
1062 3880 1087 3919 et
1096 3869 1116 3920 si
1128 3870 1155 3921 in

71 3982 80 3999 .
134 3946 158 4000 6.
176 3948 273 4002 Pruna.
297 3950 364 4019 neg.
387 3967 423 4015 a,
442 3960 468 4001 et
482 3946 598 4001 Pintiani
621 3945 839 4017 'longitudinem
854 3946 1009 4005 extendant,
1024 3946 1100 3999 filum
1114 3965 1156 4001 ar·

99 4022 277 4098 wll-spruna
289 4026 476 4081 violentissimi
489 4028 594 4099 tigni..
642 4040 767 4100 genteum
794 4028 919 4080 inaurant
941 4027 1052 4097 longum
1075 4026 1156 4098 pedes

99 4100 189 4171 Sinite,
196 4108 250 4172 111,
263 4110 334 4173 146:
346 4106 394 4161 Διὰ
406 4112 476 4161 τοῦτο
488 4108 530 4161 καὶ
541 4108 601 4177 apt·
648 4112 805 4173 1,440,0oo.
819 4106 902 4161 Banu.
918 4138 959 4150 -
973 4108 1061 4158 Immo
1084 4119 1157 4165 tanta
