2950 5000
276 459 325 544 [tls
552 459 590 528 C.
615 458 786 532 PLINII
810 461 922 532 NAT.
948 457 1075 528 HIST.

278 602 346 670 rius
362 624 424 696 pro
440 587 590 672 deeem⁴⁰
604 603 731 674 assibus
746 603 855 672 datus.
872 604 962 672 Nota
976 587 1136 697 argenti⁴¹
1154 601 1249 672 fuere
1262 602 1362 699 bigae

277 719 377 801 atque
384 707 567 804 quadrigae:
577 724 611 779 et
619 710 695 779 inde
704 697 1362 830 bigatiquadrigatiquedictiMox⁴³iege

277 841 339 896 suit.
350 842 418 894 Nam
430 861 445 894 e
458 827 621 896 sextantariis
634 843 734 896 assibus
747 841 791 896 de·
832 841 998 915 quadrigati,
1013 855 1040 896 et
1055 842 1154 913 bigati,
1169 863 1184 896 a
1197 843 1287 913 figura
1304 863 1363 897 eae·

278 938 352 987 uem,
371 922 417 992 qui
439 921 549 975 denario
569 935 695 993 argenteo
715 924 790 993 prins
832 923 924 977 laturae
935 922 1012 976 dicti.
1025 947 1037 970 ι
1055 924 1137 976 Recte
1150 941 1158 975 ε
1171 941 1262 994 neque
1274 925 1361 978 enim

217 1049 221 1058 ,
277 1003 581 1072 permutabanturuno,
598 1022 680 1074 quum
694 1003 791 1074 viginti
831 1002 1223 1075 ponderisiuereaprioribus,
1238 1001 1290 1056 sed
1302 1023 1361 1057 eae·

278 1079 404 1134 conflavit
428 1100 495 1136 usses
517 1083 646 1148 unciales,
662 1080 790 1155 deditque
831 1085 926 1138 lature
936 1102 967 1136 ae
977 1083 1057 1154 pretii
1067 1081 1189 1152 disparis.
1201 1083 1244 1135 De
1253 1083 1363 1154 bigati·

277 1177 331 1230 pro
352 1175 477 1230 argenteo
497 1160 635 1216 dumtaxat
657 1161 791 1228 sedecim,
832 1177 860 1218 et
873 1162 1035 1234 quadrigatis
1047 1163 1140 1215 crebra
1150 1161 1225 1231 apud
1238 1162 1361 1216 Livium

277 1253 393 1311 quattuor
404 1241 511 1296 interim
525 1243 595 1296 lucri
606 1241 679 1308 fenim
693 1240 792 1297 deinde
833 1243 1101 1312 tuenti0‚l.XX11,p.
1112 1243 1178 1302 ²25,
1186 1242 1204 1294 l.
1212 1243 1359 1305 XXXIV,

278 1333 357 1374 aucto
379 1321 494 1392 argentei
520 1322 624 1375 nummi
647 1323 734 1394 pretio
755 1321 790 1376 ad
832 1340 893 1393 pag.
913 1329 977 1393 407,
993 1335 1043 1376 ete.
1064 1323 1104 1374 Ita
1119 1321 1211 1374 serrati
1225 1323 1362 1388 nummi,

277 1397 392 1454 sedecim
405 1401 592 1465 asses,iterunt
605 1421 696 1455 senos:
709 1402 791 1472 igitur
833 1420 948 1473 quorum
979 1399 1051 1454 idem
1081 1400 1174 1454 Livius
1200 1402 1361 1469 meminit,

278 1479 362 1533 denus
376 1481 487 1534 omniuo
500 1499 509 1538 t
522 1481 573 1534 hoc
587 1495 638 1546 est,
651 1481 727 1553 quod
741 1483 792 1535 Pli·
833 1484 924 1555 quales
937 1482 1060 1535 Museum
1077 1494 1199 1534 nostrum
1216 1495 1363 1548 mutuat,

277 1559 338 1612 nius
357 1560 409 1626 ait,
429 1561 456 1612 in
476 1560 593 1632 singulos
611 1560 735 1616 denarios
750 1561 792 1614 di·
833 1561 978 1616 insumitis
998 1559 1123 1626 Aurelia,
1134 1559 1267 1627 Claudia,
1284 1563 1366 1616 Cor·

276 1637 406 1705 midium,
437 1639 492 1693 sive
526 1640 666 1694 denarium
694 1661 789 1695 unum.
833 1643 917 1707 nelis,
935 1641 963 1694 in
985 1658 1098 1693 nummo
1118 1641 1163 1694 eni
1184 1641 1364 1712 epigraphe,

276 1719 456 1773 Tantumdem
479 1733 505 1772 et
526 1720 554 1774 in
579 1722 713 1794 quinarios
737 1721 791 1774 sin·
833 1722 865 1776 L.
877 1721 995 1775 SCIPIO
1009 1719 1129 1774 sslso.
1142 1721 1245 1782 Maria,
1263 1721 1364 1776 Mem·

278 1799 371 1870 gulos,
391 1799 576 1870 sestertiosque
600 1801 679 1855 lueri.
703 1801 792 1871 Expe-
833 1800 1011 1865 mia,Neria,
1023 1801 1184 1870 Pomponia,
1196 1800 1362 1868 Postumia,

277 1877 335 1932 dire
344 1878 416 1934 hunc
427 1877 528 1932 nodum
536 1882 679 1951 nequivere
688 1881 789 1934 Anton.
834 1880 959 1946 Procilia,
970 1880 1102 1950 Sulpicia:
1111 1899 1168 1934 non
1178 1878 1280 1932 diversi
1290 1895 1365 1937 sunt

277 1960 391 2031 August.
419 1959 465 2011 lib.
486 1960 514 2012 11
537 1959 650 2014 Eutend.
674 1979 732 2033 cap.
758 1979 789 2030 73
833 1958 1248 2032 generispretiivenummitsed
1262 1960 1300 2012 ah
1313 1961 1364 2013 in·

276 2037 404 2104 Budeus,
417 2039 464 2092 lib.
478 2040 514 2104 V,
526 2037 559 2092 de
570 2059 638 2106 asse,
649 2059 708 2114 pag.
725 2041 793 2111 173,
834 2041 895 2093 ciuis
905 2042 932 2093 in
945 2057 1024 2093 serre
1038 2039 1150 2093 modum
1162 2039 1272 2092 nummi
1280 2059 1364 2094 mar·

277 2119 443 2192 minimeque
462 2119 582 2172 0mnium
597 2120 792 2186 stemmate
835 2121 954 2191 pinibus,
976 2119 1068 2182 serrati
1088 2118 1191 2172 denarii
1210 2120 1362 2192 appellati.

279 2196 314 2251 de
330 2197 415 2252 Pond.
434 2211 461 2252 et
480 2198 565 2250 Meus.
584 2209 650 2253 tom.
665 2202 706 2254 VI
723 2201 793 2271 Ope·
834 2199 888 2252 Sed
905 2212 931 2253 et
950 2212 1041 2272 postea
1060 2212 1159 2272 praeter
1173 2200 1262 2271 bigas,
1284 2218 1361 2271 qua·

277 2297 354 2342 rum,
380 2279 427 2332 fot.
453 2295 529 2346 279,
553 2280 600 2332 ubi
622 2278 793 2352 despondens
835 2277 1136 2350 drigasque,impressts
1147 2291 1246 2332 suntet
1258 2280 1365 2334 Casto-

277 2357 418 2422 animum,
432 2357 518 2410 luxata
535 2359 710 2424 haecomnia,
725 2360 792 2414 suis·
834 2379 897 2414 rum
911 2360 940 2412 iu
956 2359 1074 2412 nummis
1087 2358 1226 2429 imagines,
1241 2377 1312 2411 mox
1331 2373 1364 2414 et

279 2456 332 2509 que
342 2451 410 2490 motu
423 2435 528 2492 sedibus
539 2457 609 2506 esse,
621 2440 717 2494 frustra
727 2459 792 2494 con·
835 2439 994 2494 familiarum
1004 2437 1133 2511 insignia,
1147 2439 1261 2512 aliaque.
1271 2439 1363 2492 tt.-

278 2519 409 2589 quetitur.
421 2519 512 2572 Haut).
835 2522 909 2575 Brut.
924 2532 989 2573 neta
1005 2523 1101 2591 argenti
1112 2521 1194 2585 fuere,
1209 2530 1261 2573 ete.
1274 2520 1338 2575 Et).

321 2606 365 2663 40.
380 2600 432 2651 Pro
445 2599 531 2652 decem.
544 2598 676 2653 Militibus
690 2613 792 2667 tamen,
877 2608 924 2664 tia.
937 2600 1001 2653 Men
1012 2602 1064 2669 iege
1074 2601 1218 2670 Papiriano.
1228 2598 1273 2653 sic
1283 2598 1363 2656 editi

279 2689 312 2731 ttt
335 2678 461 2732 libentius
486 2678 640 2751 diutiusque
660 2692 793 2734 mererent
834 2700 941 2744 omnes,
956 2698 1017 2733 cunt
1029 2682 1095 2750 neg.
1112 2698 1126 2732 a
1145 2677 1207 2732 eod.
1223 2680 1360 2752 aliisque,

279 2757 308 2811 in
325 2758 458 2825 exercitu,
475 2778 523 2829 spe
541 2758 669 2813 mercedis
686 2760 790 2825 silenti,
835 2778 920 2831 usque
939 2758 973 2813 ad
995 2760 1212 2831 Dalecumpinm,
1232 2760 1281 2831 qui
1301 2762 1364 2814 Pa.

279 2836 405 2892 denarius
421 2851 574 2909 argenteus,
590 2858 645 2892 nou
659 2840 791 2905 sedecim,
831 2844 900 2912 piria
914 2839 1026 2909 scripsit.
1047 2840 1164 2893 Nomina
1185 2839 1214 2891 in
1227 2842 1266 2891 ius
1280 2837 1364 2894 desi·

279 2917 341 2984 sed,
358 2930 388 2971 ut
407 2918 485 2983 olim,
500 2916 592 2971 decem
609 2916 791 2975 tentum'assi·
834 2919 925 2973 nentia
943 2918 1016 2991 apud
1039 2921 1189 2983 Romanos,
1214 2920 1363 2989 primaria

279 2997 329 3052 bus
349 2998 492 3051 estimatus
508 3012 546 3051 est
563 3017 570 3051 ι
590 2999 641 3051 hoe
661 2998 791 3054 diurnum
833 3012 895 3053 sunt
918 3000 1008 3070 stirpis
1031 2999 1159 3066 numism
1186 3012 1216 3053 nt
1240 3000 1361 3067 Julius,

278 3076 460 3150 stipendium,
485 3095 553 3131 asses
578 3077 641 3132 deni
672 3080 790 3145 scilicet,
834 3077 991 3150 Pompeius,
1013 3078 1159 3133 Antonius.
1175 3082 1212 3132 At
1229 3078 1364 3133 desinen-

279 3176 337 3212 nou
351 3174 417 3223 mre,
431 3156 478 3210 sed
495 3171 620 3229 argenteo
636 3177 748 3213 nummo
761 3162 790 3215 in
834 3159 871 3213 tia
883 3160 912 3211 in
926 3162 1067 3213 ianussttnt
1079 3159 1113 3211 ab
1128 3177 1212 3213 uxore
1227 3158 1359 3229 primum

278 3236 396 3308 ningulus
416 3234 472 3289 dies
493 3238 632 3307 persoluti.
655 3239 724 3293 Hine
745 3240 791 3294 illa
834 3239 932 3310 petita,
954 3257 1012 3310 que
1027 3257 1111 3309 quum
1131 3250 1198 3292 esset
1216 3237 1298 3291 heres
1322 3257 1362 3294 ex

279 3317 410 3370 Pannonii
424 3317 515 3370 militis
529 3316 602 3387 apud
612 3318 733 3373 Tacitum
745 3339 791 3373 ex·
833 3336 890 3371 usse
905 3319 932 3371 in
948 3338 994 3371 sna
1004 3317 1102 3373 familia
1111 3357 1120 3382 ,
1129 3318 1227 3372 marito
1240 3336 1360 3389 magnes

279 3395 436 3469 postulatio,
452 3397 547 3449 Annai.
562 3396 609 3450 tib.
627 3398 657 3469 1,
671 3418 731 3469 pag.
748 3418 791 3470 17,
834 3416 916 3468 opes,
930 3398 1022 3453 liberis
1037 3398 1156 3469 opimam
1171 3396 1361 3453 hereditatem

279 3496 328 3531 cut·
347 3474 441 3529 decem
459 3494 540 3531 tereos
560 3495 628 3529 asses
646 3480 791 3550 reciperet,
834 3479 944 3531 afferret
961 3497 1024 3532 cnm
1043 3478 1163 3531 nomine.
1186 3478 1230 3531 ste
1248 3478 1361 3550 Vespa.

279 3575 334 3609 nnn
347 3554 499 3619 denarium,
510 3568 540 3609 ut
550 3556 615 3608 olim
626 3571 792 3628 argenteum,
834 3558 923 3611 sianus
933 3577 948 3612 a
959 3558 1086 3628 Vespasia
1099 3560 1228 3629 conjuge,
1240 3570 1268 3609 et
1279 3557 1361 3615 filius

279 3655 359 3708 quent
372 3631 596 3689 sedecim'deinde
606 3637 707 3691 assibus
716 3640 792 3692 ereis
834 3650 900 3691 natu
915 3640 1010 3710 major,
1025 3638 1069 3691 eui
1081 3635 1187 3691 addicta
1199 3654 1229 3689 ea
1241 3637 1359 3693 heredi-

278 3728 456 3787 permntaret,
472 3727 501 3767 ut
513 3714 550 3767 sic
563 3732 640 3769 senos
653 3736 721 3771 asses
733 3738 794 3788 pos·
835 3730 875 3771 tas
892 3719 994 3783 fuerat,
1011 3719 1089 3771 Titus
1101 3717 1289 3789 Vespasianus.
1308 3720 1360 3776 Sic

221 3796 224 3801 ’
278 3809 318 3849 set
331 3796 439 3848 lucrari.
452 3793 523 3847 Vide
536 3792 740 3862 Budaeum,lib.
755 3800 792 3865 V,
835 3797 1031 3851 Domitiennsa
1048 3799 1161 3868 conjuge
1176 3796 1295 3849 Domitia
1313 3818 1321 3850 ε
1340 3820 1358 3855 a

260 3878 264 3885 '
279 3874 313 3929 de
326 3894 398 3938 asse,
413 3886 439 3927 et
455 3874 599 3928 Hotoman.
614 3896 675 3949 pag.
690 3878 736 3931 63.
755 3879 791 3933 Η.
834 3877 893 3931 Seia
902 3877 1012 3931 Seianus
1022 3876 1358 3933 :aValeriaVsleriauus:

320 3960 368 4019 4¹·
392 3956 460 4008 Nota
486 3958 587 4023 argenti.
609 3956 713 4027 Nempe
733 3976 792 4029 quae
837 3958 1038 4012 Aurelianussb
1050 3957 1158 4011 Aurelia
1169 3957 1314 4015 Severius:
1329 3974 1360 4013 et
1419 3957 1432 3971 ⁴

280 4046 337 4087 tum
363 4036 436 4104 jussu
465 4048 569 4087 senatus
597 4049 638 4090 est
665 4036 793 4108 impressa
836 4038 875 4091 sie
888 4037 933 4091 alii
944 4056 1036 4091 omnes
1049 4037 1078 4090 in
1089 4036 1206 4091 nummis
1223 4036 1356 4107 antiquis.

162 4154 163 4157 ι
279 4114 400 4184 pecuniae
413 4132 498 4169 nome.
521 4115 633 4169 Festus:
653 4117 792 4171 «Nummi
836 4117 1017 4183 Quamobrem
1031 4118 1142 4171 interest
1157 4116 1209 4171 hoe
1223 4116 1286 4171 loco
1300 4118 1358 4175 Pa·
