2950 5000
451 439 605 508 LIBER
628 439 807 508 xxxvl
1101 437 1171 512 503

109 570 250 642 suffossis
267 569 455 656 montibus,
470 583 589 664 atque,
602 583 641 640 ut
654 568 756 666 paulo
768 583 846 640 unte
861 569 1077 659 retulimus⁸⁷,
1089 573 1172 643 urbe
1253 555 1259 572 ⁸

60 759 64 766 ‚
109 677 236 772 pen‘sili,
253 677 432 772 subterque
451 677 615 773 navigata.

158 787 245 854 AM.
257 787 407 880 Agrippa
417 784 451 853 in
466 767 647 854 sedilitute¹⁸
656 797 732 878 post
743 777 965 871 consulatum,
971 809 1032 880 per
1045 799 1172 856 meatus
1192 800 1208 858 t

109 893 260 962 norrivuti
287 905 414 987 septem
433 914 547 960 amnes
557 888 594 978 ¹⁹,
616 915 783 984 cursuque
796 891 957 986 praecipiti
975 893 1172 962 torrentium

109 997 203 1068 modo
220 1022 338 1094 rapere
363 1011 464 1091 atque
482 995 615 1066 auferre
635 1001 749 1066 omnia
777 997 900 1084 coacti,
928 997 1065 1094 insuper
1086 998 1174 1070 mole

108 1104 258 1174 imbrium
285 1103 461 1191 concitati,
489 1102 577 1172 vada
598 1127 638 1174 ac
662 1102 765 1174 latera
794 1104 972 1198 quatiunt:
994 1103 1175 1199 aliquando

108 1211 229 1282 Tiberis
239 1225 331 1280 retro
345 1209 473 1278 inlusi²⁰
489 1209 654 1304 recipiunt
666 1209 807 1294 fluctus,
822 1224 1037 1306 pugnantque
1052 1211 1174 1282 diversi

108 1341 264 1412 aquarum
277 1317 447 1412 impetus²¹
457 1315 547 1385 intus
562 1342 570 1384 :
587 1330 621 1386 et
635 1331 747 1386 tamen
760 1315 882 1385 obnixa
892 1315 1031 1386 firmitus
1043 1319 1174 1388 resistit.

109 1423 300 1494 Trahuntur
326 1421 432 1492 moles
456 1419 625 1492 internae²²
643 1436 763 1506 tuntae,
787 1447 856 1492 non
884 1423 1176 1494 succumbentibus
1196 1445 1213 1500 5

109 1630 261 1686 Cloamrnm
286 1629 372 1698 mujor
390 1623 534 1680 admiratio
556 1639 616 1692 est,
656 1626 789 1700 lectisque
803 1627 939 1682 corrivnti.
955 1627 1024 1682 Nem
1036 1627 1074 1682 vis
1083 1629 1177 1700 ingens

107 1708 175 1782 quod
188 1727 284 1762 esrum
294 1706 441 1760 fornicibus
456 1705 535 1759 lirino
549 1717 616 1759 tem·
658 1725 804 1780 aquarum,
818 1724 878 1777 quse
896 1725 945 1777 per
958 1702 1132 1780 uqutetluc'tus
1148 1710 1176 1763 in

108 1807 181 1860 qnsm
192 1788 252 1841 solo
271 1787 407 1841 sltissimn
418 1783 563 1840 domorum
574 1785 617 1838 ni·
659 1803 737 1839 usum
746 1785 859 1839 civitatis
869 1785 987 1852 effluxit,
998 1781 1177 1860 recepticulu,

107 1881 221 1922 terentnr
234 1867 341 1920 moles:
356 1863 431 1937 quod
446 1867 476 1920 in
489 1866 618 1936 pontibus
657 1883 713 1938 qno
733 1865 897 1932 illaberetur,
916 1867 1049 1936 poscebat.
1074 1869 1113 1922 Ex
1135 1869 1178 1922 bis

107 1949 234 2021 δεφιιιιο
247 1945 382 2018 impositis
396 1945 575 2011 mirabiliore,
586 1957 618 1998 ut
658 1945 796 2018 precipua
809 1958 911 2017 septem
924 1946 1015 2012 luere,
1030 1947 1177 2002 minutiore

106 2028 256 2092 eredimus,
273 2043 356 2097 opere
381 2025 486 2079 Parisiis
506 2025 545 2077 lit.
564 2024 618 2078 llas
659 2025 745 2098 plura.
760 2023 853 2078 lirun.

107 2108 176 2162 urbis
189 2110 283 2161 llomae
293 2106 396 2160 closnus
405 2103 472 2159 dnm
481 2105 554 2159 refici
566 2105 617 2158 im·
703 2123 749 2158 so.
761 2103 904 2175 Aliquando
918 2103 1010 2158 Tiberis
1025 2118 1089 2158 retro
1102 2107 1177 2176 uisuri

107 2201 178 2258 peret
190 2186 276 2240 lulis)
289 2204 336 2240 rex
349 2183 536 2238 Theodoricus
545 2183 616 2238 idem
660 2188 778 2255 recipiunt
777 2185 879 2254 fluetus.
887 2185 1055 2240 Postremum
1063 2189 1175 2241 verbum

106 2267 224 2340 impense
233 2264 456 2337 prodicut,spud
468 2263 618 2318 cassiodor.
661 2263 828 2317 desideratur
842 2265 870 2316 in
882 2277 987 2319 vetusto
998 2264 1091 2320 outline
1107 2286 1115 2320 ι
1132 2285 1176 2320 re·

107 2347 185 2402 Vas-r.
194 2347 246 2399 lib.
257 2345 489 2414 lll,epistol.301
505 2345 620 2416 csplen·
661 2344 734 2415 liquo
749 2343 787 2396 sic
801 2344 937 2415 leguntur,
950 2370 961 2393 ι
975 2345 1119 2416 aliquando
1128 2346 1176 2399 Ti·

106 2425 176 2481 dida
189 2444 308 2479 rotnsnm
321 2424 434 2478 eivitetis
450 2424 549 2478 close·
564 2437 621 2477 tan·
661 2423 924 2478 berisretroinlnsus
932 2425 1069 2496 recipitur.
1079 2426 1177 2480 »Prien

107 2520 162 2563 tum
184 2505 334 2561 visentibus
358 2506 500 2559 conterunt
526 2518 620 2576 stupo-
661 2534 702 2547 -
715 2503 970 2574 Tiberisintronsusi.
979 2506 1084 2561 Tiberis
1094 2524 1177 2561 erun-

106 2607 178 2649 rem,
193 2598 225 2641 ut
239 2586 352 2640 ellurum
367 2584 506 2639 civitatum
519 2585 621 2654 possint
661 2582 759 2637 dantis.
772 2583 863 2639 Hrnn.

107 2666 237 2723 minnota
250 2683 383 2737 superare.
394 2664 620 2718 Videasillicllu·
704 2680 752 2717 ιι.
775 2665 936 2737 Pugnantque
955 2664 1044 2719 dlversi
1061 2684 1178 2739 uquarum

106 2746 258 2819 sioqqnssi
271 2744 408 2799 montibus
416 2744 621 2799 nonensiseleu·
663 2746 772 2814 inpetus.
800 2744 965 2798 Firmitrtem
991 2746 1080 2817 operis
1104 2764 1180 2799 oom-

107 2848 157 2883 sns.
183 2824 284 2880 Video
308 2825 415 2879 structis
435 2825 548 2878 mribus
571 2841 621 2895 per
662 2822 958 2895 mendsreuggreditur,
966 2842 1109 2897 musasque
1117 2845 1181 2898 qua·

106 2905 375 2980 uqussrspidesnon
396 2901 621 2957 minimasolliei·
664 2915 726 2957 tuor
754 2916 966 2968 commemorat,
994 2923 1107 2977 querum
1137 2907 1181 2961 vel

107 2986 202 3041 tudine
224 2984 343 3055 nrviguri
365 3001 372 3035 ι
396 3002 430 3036 ne
458 2984 622 3053 praecipitato
664 2982 775 3053 singula
789 2983 1031 3054 firmissimuopers
1046 2998 1181 3049 evertunt,

107 3066 222 3122 torrenti
241 3064 343 3117 morino
363 3064 465 3133 possint
483 3062 622 3134 naufragis
664 3080 749 3134 quum
780 3063 910 3116 universo
939 3082 995 3115 non
1021 3062 1182 3119 lubeluctent

108 3146 248 3204 sustinere.
273 3144 343 3196 Hinc
363 3144 448 3196 llomu
467 3142 623 3213 singularis,
664 3140 745 3195 istud.
768 3142 920 3206 Nimirum,
940 3160 1029 3214 pugna
1051 3161 1182 3213 uquarum

108 3237 208 3300 quante
221 3224 249 3277 in
261 3236 287 3277 te
298 3222 449 3293 sit,potest
463 3222 553 3294 colligi
567 3240 623 3275 ma·
665 3234 692 3275 et
710 3220 790 3292 copiu
811 3216 883 3275 intus
896 3241 903 3275 ε
918 3222 1000 3275 moles
1020 3240 1183 3293 purgamen-

108 3304 232 3377 gnitudo.
247 3304 315 3369 Quse
324 3303 395 3355 enim
405 3303 513 3355 urbium
527 3299 626 3355 undeet
667 3314 801 3355 totumue
820 3298 940 3373 lepidum
956 3320 1020 3373 quus
1035 3319 1110 3375 equus
1126 3305 1183 3357 vol·

109 3386 162 3441 tuis
174 3383 338 3438 culminibus
351 3378 526 3448 contendere,
537 3400 625 3451 quan·
666 3393 754 3433 nunt:
771 3380 856 3433 ruinte
870 3380 947 3435 varin
962 3394 989 3435 et
1003 3381 1121 3455 pondera
1140 3384 1183 3437 in·

108 3464 146 3520 do
158 3484 210 3519 nee
224 3464 276 3515 ime
288 3475 333 3515 tus
346 3473 458 3532 possunt
469 3458 625 3515 similitudi·
667 3458 814 3515 ridentium
839 3460 1012 3515 edificiorum
1035 3480 1042 3513 s
1064 3460 1184 3536 denique

109 3564 173 3599 nem
189 3540 329 3615 reperire?
339 3568 352 3589 ι
373 3542 465 3595 llsnn.
668 3538 750 3593 velidi
766 3539 868 3611 aliquot
881 3552 957 3593 terre
972 3554 1068 3595 motus.
1083 3542 1175 3597 llrnn.

153 3643 200 3695 17.
239 3622 275 3675 Ut
301 3622 378 3691 paulo
407 3634 465 3673 ante
492 3622 624 3675 nntium.
709 3620 907 3673 ss.Tralsnntssr
916 3620 1184 3677 moless'ntemoe.Tra·

110 3706 217 3775 Nempe
232 3701 267 3755 de
278 3702 379 3755 Thebis
391 3701 538 3774 AEgypriin
561 3718 624 3771 nep·
667 3698 847 3753 bunturintus
856 3714 1095 3770 purgamentorum
1102 3703 1186 3757 moles

112 3804 157 3839 so.
174 3785 268 3837 Hsnn.
668 3778 804 3851 ingentes,
820 3797 870 3833 nec
890 3790 985 3837 temen
1000 3780 1112 3851 parietes
1129 3783 1184 3836 lor·

155 3863 198 3919 18.
226 3862 258 3915 ln
283 3860 410 3915 oedils‘tote.
435 3859 518 3915 Anno
543 3860 627 3915 Urbis
670 3859 796 3930 uicesque
811 3859 1004 3923 stroenmbunt,
1017 3860 1116 3931 quibus
1131 3862 1183 3915 lul·

110 3942 304 4011 conditseysr.
315 3941 367 3993 En.
670 3938 740 3993 citur
762 3958 840 4011 opus.
859 3939 968 3992 Pulsunt
990 3940 1083 3992 urbem
1102 3942 1188 3995 ruinm
1284 3988 1288 3997 .

155 4042 198 4093 ¹9·
221 4020 316 4093 Septem
332 4040 422 4073 mu.
441 4020 504 4074 llivi
522 4030 626 4092 septem
668 4017 816 4073 domorum
832 4038 891 4090 quse
905 4030 952 4072 rut
969 4030 1077 4089 sponte,
1087 4034 1133 4076 sut
1146 4022 1187 4075 in-

111 4123 143 4159 ex
152 4102 230 4177 squis
242 4121 291 4173 per
301 4102 403 4157 Urbem
417 4100 561 4179 liuentibus
570 4101 626 4154 col·
669 4097 826 4155 cendierum
841 4099 867 4155 vi
883 4096 993 4153 endunt.
1006 4098 1100 4154 Hrnn.

976 4192 1039 4267 32⁴
1071 4256 1074 4261 .
