2950 5000
224 532 228 541 .
299 449 374 547 672
577 453 616 521 C.
644 454 819 524 PLlNll
844 456 953 525 NAT.
979 458 1109 527 HIST.

262 615 275 651 ι
311 614 315 625 ’
353 586 479 655 LXIII.
495 586 692 653 Memnonia
707 584 816 679 qualis
834 588 891 673 sit,
911 611 981 656 non
1004 588 1159 657 traditur.
1178 588 1305 657 Medea'
1322 592 1366 660 ni·

298 716 359 786 gra
372 705 441 777 est,
466 714 486 759 a
504 689 626 783 Medea
643 690 699 759 illa
712 691 863 761 fabulose
876 696 1011 763 inventa
1026 720 1033 762 ι
1054 695 1158 763 habet
1172 718 1268 763 venas
1283 698 1365 763 aurei

298 796 442 867 coloris:
466 796 621 891 sudorem
645 797 755 865 reddit
773 800 880 881 croci,
903 824 1056 893 saporem
1079 814 1192 869 autem
1210 804 1286 869 sini.
1307 804 1366 869 lile

298 901 446 972 conites²
466 926 615 997 papaver
630 905 795 996 exprimit.
812 905 963 974 Mithran
980 930 1000 974 a
1016 891 1138 976 Persis³
1154 922 1288 1001 accepta
1305 922 1365 992 est,

297 1023 332 1077 et
344 1009 451 1077 Rubri
469 1010 571 1076 maris
589 1009 758 1078 montibus
776 1034 785 1077 τ
801 1008 1012 1096 multicolor,
1031 1028 1151 1081 contra
1170 1012 1272 1082 solem
1287 1015 1367 1081 varie

297 1113 474 1208 refulgens
496 1101 726 1183 Morocbites⁴
752 1139 933 1209 permeet,
962 1117 1049 1186 lacte
1077 1118 1186 1187 sudat.
1209 1120 1318 1187 Morio
1338 1120 1368 1185 in

297 1207 429 1303 lndia⁵,'
454 1244 529 1314 qua
555 1221 734 1313 nigerrimo
763 1220 878 1290 colore
908 1221 1111 1308 translucet,
1138 1240 1277 1293 vocatur
1303 1228 1369 1292 Pra-

297 1328 413 1394 mnion
423 1327 471 1394 :in
481 1350 546 1420 qua
562 1328 721 1395 miscetur
728 1342 761 1395 et
775 1328 970 1398 carbunculi
982 1327 1087 1415 colos,
1094 1328 1365 1413 Alexandrinum

264 1478 278 1512 2
298 1432 356 1501 ubi
374 1431 498 1514 sardoe,
520 1433 694 1526 Cyprium.
723 1434 883 1503 Nascitur
900 1449 935 1503 et
955 1437 988 1503 in
1002 1438 1110 1529 Tyro,
1131 1451 1166 1504 ct
1184 1437 1218 1504 in
1235 1435 1367 1506 Galatia.

297 1542 503 1607 Xenocrates
520 1552 555 1606 et
573 1538 637 1606 sub
655 1537 794 1633 Alpibus
813 1542 904 1609 nasci
919 1540 1031 1611 tradit.
1048 1535 1110 1609 'Hc
1127 1556 1207 1611 sunt
1221 1566 1366 1639 gemma,

298 1668 373 1738 qua
390 1642 433 1712 ad
450 1657 587 1738 ectypas
611 1630 817 1739 scalpturas⁶
837 1660 1005 1740 aptantur.
1027 1648 1209 1742 Myrrhites
1232 1648 1364 1742 myrrha

297 1806 393 1877 guttis.
407 1806 448 1858 vel
459 1805 538 1857 lineis
554 1804 701 1875 distingui,
715 1806 756 1858 rel
771 1825 816 1860 va·
860 1824 919 1860 mus
931 1826 983 1879 ope
999 1806 1124 1861 codicum
1135 1809 1201 1881 Reg.
1218 1828 1245 1872 2,
1259 1809 1332 1862 Colb.
1343 1808 1367 1873 3,

297 1886 371 1939 riari.
383 1885 453 1938 Dsr..
465 1884 698 1956 -Leacoclsrrsos
710 1886 815 1937 Nomen
860 1898 886 1938 et
898 1886 1015 1951 Indicis,
1033 1890 1061 1941 in
1075 1907 1131 1958 quo
1147 1888 1307 1954 Moroclites,
1319 1906 1366 1939 nou

297 1964 398 2018 indicat
410 1982 542 2033 gemmam
552 1964 627 2017 aurci
636 1964 745 2027 coloris,
757 1982 816 2033 qun
853 1956 889 2017 ‘ut
905 1967 933 2019 in
946 1967 1021 2019 libris
1031 1968 1159 2037 vulgetis,
1172 1968 1299 2021 Mer-octos.
1312 1968 1365 2021 blo·

297 2046 327 2098 in
335 2043 452 2117 crystalli
463 2041 575 2095 modum
587 2043 692 2097 albicet
700 2045 732 2095 ln
742 2043 816 2095 libris
859 2062 941 2098 rosus
959 2044 1030 2099 idem
1043 2060 1071 2100 et
1083 2047 1270 2117 leucographis
1285 2047 1365 2119 appel·

297 2125 426 2176 hactenus
453 2120 565 2191 vulgatis
592 2123 629 2176 sic
654 2122 816 2193 legebatur:
859 2122 1073 2189 laturabAetio,
1085 2123 1119 2180 de
1135 2126 1173 2177 Rc
1186 2126 1260 2179 bled.
1273 2127 1315 2179 lib
1329 2126 1366 2189 11,

302 2230 313 2251 ι
323 2200 543 2272 Leuchoclrrysos
555 2200 760 2272 litobrysolitho
775 2203 817 2254 in·
859 2220 917 2274 cap.
931 2207 976 2269 16,
987 2223 1014 2274 p.
1026 2207 1072 2269 51,
1081 2216 1107 2257 ct
1117 2224 1130 2256 a
1141 2206 1245 2257 Gelono
1257 2220 1366 2277 quoque:

297 2281 815 2343 corallis-ante„contraomniumMss.
859 2282 1004 2336 subviridis
1027 2284 1085 2355 ipse
1106 2281 1236 2356 quidem,
1261 2284 1304 2339 sed
1326 2282 1366 2337 ubi

299 2362 390 2414 iidem.
407 2361 497 2413 Hsun.
860 2374 920 2414 cote
938 2363 981 2415 rel
993 2364 1127 2434 asperiore
1139 2362 1298 2418 indumento
1311 2363 1366 2417 teri·

338 2438 640 2503 thtt.1.Medea,erc.
656 2438 719 2493 Hac
727 2438 816 2493 verbis
860 2452 914 2508 tur,
928 2454 1021 2512 aperte
1034 2440 1185 2495 candicans.
1207 2442 1299 2497 Codex
1316 2442 1366 2495 HS.

297 2519 410 2575 totidem
421 2517 553 2588 Isidorus,
571 2520 647 2591 Orig.
669 2520 716 2572 lib.
731 2496 815 2588 XVl,
858 2527 913 2574 Τῶν
925 2518 956 2574 di
967 2523 1000 2582 εἰς
1009 2523 1079 2588 χυλὸν
1091 2524 1274 2594 ἀναλυομένων,
1286 2527 1320 2584 ici
1330 2521 1366 2575 zai

298 2617 375 2655 (211.
390 2597 482 2651 Hem.
858 2603 870 2653 ὁ
891 2599 949 2654 κατ’
972 2603 1096 2672 Αἴγυπτον
1118 2605 1245 2673 γινόμινος
1261 2595 1365 2666 >iloni

341 2699 367 2732 r.
383 2679 525 2731 Maronites.
538 2678 651 2734 Maesa
665 2676 753 2733 Grrsci
770 2681 814 2750 pa·
857 2685 965 2750 χρῦνται
983 2688 1141 2742 salmoim:
1164 2684 1212 2744 τὰς
1235 2685 1324 2743 ὀθόνας·
1340 2681 1362 2732 is

298 2777 380 2831 parer
388 2770 554 2829 nuncupant.
565 2759 627 2811 llaec
636 2759 735 2828 pariter
747 2759 815 2811 Soli·
827 2795 831 2802 -
856 2779 922 2820 τινις
934 2761 1040 2830 μόροξον,
1056 2761 1077 2812 oi
1091 2756 1121 2814 cit
1136 2759 1316 2834 hoxcppapida
1326 2779 1365 2812 ιι-

297 2857 364 2902 uus,
377 2857 436 2908 cap.
453 2855 561 2903 xxxvii,
577 2856 605 2907 p.
621 2841 669 2908 67,
679 2850 705 2890 et
717 2837 814 2892 isidor.
855 2837 946 2891 λοῦσιν·
963 2840 1103 2909 ὑπόχλωρος
1123 2841 1173 2910 γὰρ
1192 2843 1316 2912 γενόμενος
1332 2831 1365 2891 ὥ-

298 2917 554 2986 Orig.lib.XV1,c.
573 2924 617 2980 ¹4·
632 2918 724 2970 lieno.
856 2937 915 2980 τος,
927 2919 948 2969 si
958 2915 1122 2989 nnpsrprsssip
1136 2921 1212 2988 ἀκόνῃ
1226 2922 1268 2974 sul
1284 2919 1363 2991 ἱματίῳ

339 2996 366 3049 3.
382 2995 494 3048 mitrae
511 3016 526 3046 a
543 2997 632 3047 Persis.
648 2996 702 3060 Qui
723 2997 812 3050 Solem
855 2999 1012 3068 τραχυτέρῳ,
1030 2999 1150 3051 λευκαίνει
1170 3003 1211 3052 τὸν
1231 3002 1312 3054 rixas.
1327 2999 1364 3051 Sir

226 3097 230 3104 ·
297 3076 385 3146 ipsum
405 3075 523 3127 Mithran
538 3087 649 3136 vocant,
667 3088 697 3128 ut
716 3077 812 3130 Strabo
855 3077 935 3128 etiam
952 3076 1085 3144 Galenus,
1106 3076 1141 3129 de
1159 3079 1264 3144 Facult.
1281 3077 1358 3147 simpl.

297 3152 433 3226 prodidit,
451 3154 501 3206 lib.
525 3155 587 3206 XV.
607 3155 678 3206 llinc
703 3167 814 3209 vetusto
855 3153 927 3207 med.
944 3156 1060 3220 tiblx,
1075 3176 1101 3229 p.
1121 3158 1189 3212 ²55.
1211 3155 1362 3220 Dioscoridi,

297 3235 483 3304 inscriptiones
495 3234 591 3304 passim
607 3233 709 3286 :sou
719 3235 814 3287 1Nv1-
855 3233 940 3297 libV,
951 3253 1009 3307 esp.
1029 3237 1102 3288 15²:
1119 3238 1190 3298 stes:
1207 3237 1359 3308 pdpsy'tsffls

298 3312 814 3368 CTO.M1T1{RAE.TamenHerodo
856 3314 1053 3384 summatim,
1077 3327 1127 3367 etc.
1142 3313 1235 3370 Hirro.

297 3407 349 3455 tus,
361 3393 409 3444 lib.
421 3393 445 3455 1,
459 3390 528 3455 Clio,
539 3392 646 3444 Mitram
652 3391 717 3444 dicit
726 3411 740 3444 a
750 3395 813 3446 Per·
897 3394 922 3445 5.
934 3393 1031 3446 Monbn
1041 3394 1135 3445 Iadica.
1146 3395 1275 3448 Fortassis
1283 3413 1359 3447 moro·

296 3474 333 3527 sis
339 3473 472 3524 Venerem
479 3471 558 3524 luisse
569 3473 739 3541 appellatam.
749 3474 812 3525 Haec
854 3471 946 3537 ebrus,
959 3491 1039 3543 quem
1051 3485 1075 3525 et
1090 3473 1228 3542 galaxian,
1244 3489 1269 3526 et
1277 3475 1360 3526 'leuco-

296 3569 401 3624 gemma
413 3549 512 3603 dicitnr
526 3549 658 3615 ssottno,
671 3553 721 3605 loo.
737 3553 810 3606 citat.
854 3550 983 3623 graphids
994 3553 1082 3605 vocari
1091 3553 1181 3606 Diose.
1189 3555 1294 3618 scribit,
1303 3551 1360 3604 rnol-

297 3647 325 3686 et
338 3629 455 3693 Isidoro,
470 3629 518 3682 Or.
530 3629 576 3682 lib.
590 3631 675 3693 xvt,
693 3649 753 3702 cap.
768 3651 811 3696 rs,
827 3651 829 3666 ·
854 3631 902 3696 lis,
916 3631 1079 3702 liquescens,
1091 3627 1359 3685 dealbandisvestibos

297 3710 448 3774 Μήλα,
468 3708 605 3761 mendose.
618 3709 732 3762 Plinirni
752 3730 810 3763 om·
855 3709 939 3773 utilis,
955 3710 981 3762 in
999 3715 1116 3781 AEgypto
1136 3729 1255 3765 nascens.
1268 3713 1357 3762 Diuo

296 3811 345 3845 nes
357 3789 436 3852 libri,
450 3789 545 3840 Mirm
554 3788 662 3841 babent.
676 3789 769 3843 Hero.
854 3823 893 3834 -
904 3791 986 3842 Morio
997 3793 1021 3841 ia
1035 3791 1117 3842 ludia.
1130 3789 1255 3843 lodicum
1270 3789 1296 3842 id
1307 3792 1358 3841 bar·

340 3877 366 3933 4.
387 3868 537 3921 Moroclsitis.
557 3867 601 3921 sic
623 3868 686 3920 libri
706 3889 808 3923 omnes.
853 3870 1027 3940 baricumque
1042 3868 1205 3922 vocabulum
1222 3889 1277 3922 esse
1289 3867 1358 3937 signi·

296 3948 454 4003 Morochitis
468 3965 586 4018 gemma,
609 3947 706 4018 inquit,
727 3967 828 4020 quan·¹
853 3949 935 4003 ficas:
954 3967 1056 4020 grans,
1075 3968 1136 4020 qun
1151 3951 1355 4022 subsequuntur:

296 4023 375 4100 quani
390 4025 439 4098 per
452 4043 480 4079 se
491 4045 631 4096 porraceo,
642 4025 806 4099 viridisque,
852 4029 984 4101 πράμνιον,
996 4041 1046 4081 etc.
1063 4029 1156 4082 ilsun.

297 4109 361 4162 trita
374 4119 459 4160 umen
474 4105 603 4159 candicat.
619 4107 659 4159 lta
672 4109 810 4178 rescripsi·
893 4111 918 4162 6.
931 4108 975 4162 Ad
983 4119 1080 4179 coppos
1091 4109 1238 4178 scalatum:
1248 4105 1290 4160 Ad
1303 4103 1359 4158 sul·
